3262 5196
672 375 883 439 ...45-

208 551 296 625 parisi
321 551 418 610 tarais
443 551 593 610 exterriti.
638 546 715 632 quin
744 545 841 610 etiarn
872 553 948 608 sunt
970 566 1054 630 quae
1076 544 1168 608 uario
1190 544 1288 609 modo
1312 543 1355 608 ab

207 658 346 734 utroque
368 647 598 734 explanantur,
627 646 671 711 cf.
694 646 779 710 Non.
812 670 845 733 p.
867 647 921 728 44,
944 645 986 709 22
1011 652 1158 726 proctipia
1180 652 1263 711 diota
1285 658 1354 711 sant

206 771 302 829 porro
326 755 492 828 adiponetn.
523 771 550 812 e.
574 771 605 834 q.
629 771 655 813 s.
678 757 711 812 et
733 750 821 813 Fest.
846 771 877 834 p.
895 748 972 813 229:
991 753 1140 829 prodipia
1163 753 1244 827 qaod
1259 769 1354 828 prae·

209 857 313 916 dicant
331 855 453 935 satana,
470 857 696 931 permutatione
714 873 736 928 p
757 856 892 924 litteram
916 871 986 916 aam
1008 871 1085 930 patae
1107 872 1187 916 nano
1209 872 1226 915 o
1248 856 1352 930 appet-

209 959 302 1030 totar,
325 947 363 1018 ot
386 960 518 1034 antiquis
537 976 559 1032 p
581 958 756 1020 uocabatur.

307 1055 368 1120 His
405 1056 505 1142 igitur
540 1056 568 1120 si
604 1064 691 1120 recte
728 1053 912 1135 effecimus,
950 1053 1103 1118 Verrium
1140 1054 1241 1140 priori
1285 1054 1353 1141 quin

209 1159 282 1221 dem
305 1157 552 1223 commentatori
575 1166 740 1220 auctorem
763 1155 882 1238 fuisse,
905 1155 1000 1220 alteri
1022 1165 1132 1222 autem
1154 1178 1232 1220 num
1253 1155 1354 1220 fuerit

209 1259 243 1321 in
266 1258 367 1324 dubio
389 1258 637 1346 relinquendum
661 1280 744 1339 esse,
766 1257 852 1322 hunc
868 1257 1065 1322 coniciamus
1080 1256 1223 1322 fortasse
1238 1281 1256 1321 e
1271 1257 1352 1322 Var-

208 1363 297 1424 ronis
316 1359 409 1425 libris
428 1360 610 1427 doctrinam
632 1359 797 1446 quandam
820 1358 1006 1423 deduxisse.
1028 1369 1125 1446 atque
1147 1367 1241 1424 extat
1254 1382 1353 1424 unum

210 1463 340 1548 quidem
364 1464 421 1528 sed
444 1460 736 1548 locupletissimum
759 1459 854 1525 huius
878 1461 925 1526 rei
948 1461 1180 1526 testimonium.
1226 1460 1354 1526 Nonius
1385 1457 1388 1463 ’

210 1565 295 1629 enim
323 1587 354 1650 p.
387 1563 447 1628 152
478 1563 512 1627 in
541 1563 764 1628 Plautinorum
794 1561 1015 1649 exemplorum
1044 1561 1158 1628 ordine
1188 1587 1206 1627 e
1235 1563 1353 1629 minori

209 1665 441 1732 commentario
479 1664 672 1752 deprompto
707 1665 769 1729 ita:
803 1671 910 1745 pipato
941 1685 1002 1744 pro
1032 1671 1177 1729 conuicio.
1229 1669 1353 1730 Ptaatas

212 1774 386 1832 natatoria:
414 1771 471 1832 ‘ita
498 1787 544 1831 me
571 1772 643 1832 tene
671 1778 750 1832 amet
771 1772 928 1839 Lauerna,
959 1779 986 1830 te
1007 1773 1067 1830 iam
1089 1773 1148 1831 nisi
1169 1773 1260 1832 reddi
1279 1772 1352 1833 mihi

213 1890 287 1934 ansa
309 1875 390 1934 iubes
408 1875 515 1949 papatu
537 1881 566 1934 te
587 1875 637 1934 hia
659 1873 801 1947 differam
823 1880 894 1934 ante
915 1874 1023 1933 aedis?
1058 1868 1166 1933 Varro
1182 1867 1222 1933 de
1239 1869 1352 1954 lingua

211 1971 232 2034 l.
253 1970 330 2053 VII,
356 1971 416 2036 103
439 1972 498 2035 sic:
523 1977 632 2052 pipato
655 1979 686 2036 in
709 1978 887 2036 Aatztlaria:
910 1974 1030 2051 ‘papate
1060 1982 1088 2034 te
1116 1977 1258 2052 differam
1282 1984 1351 2034 ante

198 2078 313 2138 'aedis'
346 2079 379 2136 io
399 2085 444 2137 est
465 2080 611 2138 conuicio.
656 2072 856 2159 exemplum,
880 2070 1063 2158 explicatio,
1087 2072 1165 2158 quin
1186 2074 1257 2158 ipse
1275 2072 1349 2137 sub·

211 2175 342 2240 stantiui
366 2197 460 2240 casus
484 2175 517 2238 in
540 2175 691 2240 lemmate
720 2172 809 2261 apud
829 2183 1000 2260 utrumque
1022 2173 1069 2237 ita
1090 2173 1290 2260 conspirant,
1314 2183 1351 2240 ut

208 2275 363 2342 Varronis
386 2277 567 2342 doctrinam
589 2300 648 2364 per
670 2276 808 2342 alterum
829 2275 920 2342 illum
951 2284 1238 2342 commentatorem
1260 2297 1349 2342 acce·

206 2379 295 2464 pisse
318 2379 460 2444 Nonium
482 2380 539 2442 uix
561 2378 744 2463 negaueris.

291 2480 470 2546 Perfectior
492 2489 599 2545 autem
626 2479 682 2546 ille
704 2481 955 2546 commentarius
979 2503 1056 2544 num
1078 2489 1110 2546 et
1137 2481 1207 2564 ipse
1229 2481 1348 2546 Varro-

205 2605 279 2648 nem
300 2591 457 2669 exparte
481 2594 645 2649 auctorem
668 2583 820 2649 habuerit
841 2605 906 2648 non
935 2592 1037 2668 patet.
1080 2605 1241 2670 nusquam
1263 2584 1348 2649 enim

205 2684 371 2751 inuenitur
396 2683 507 2770 glossa
529 2705 614 2770 quae
641 2685 819 2771 repetenda
841 2684 993 2750 uideatur
1015 2707 1035 2747 a
1057 2684 1220 2769 Varrone3
1248 2685 1347 2749 immo

205 2795 281 2852 sunt
315 2786 475 2874 quaedam
507 2808 640 2872 prorsus
675 2787 836 2851 contrarie
870 2786 912 2851 ab
944 2794 1082 2872 utroque
1114 2785 1279 2872 explicata
1311 2798 1348 2853 ut

204 2911 236 2974 p.
258 2888 323 2954 540
343 2909 509 2968 supparum
535 2902 580 2954 est
607 2895 728 2953 linteam
753 2892 907 2964 femorale
934 2909 1025 2966 usqae
1048 2893 1090 2952 ad
1117 2895 1192 2953 tatas
1210 2894 1347 2970 pendens

204 2995 315 3054 dictam
337 2996 419 3070 quod
437 2996 538 3056 satias
560 3003 721 3072 appareat.
765 3000 879 3055 contra
901 2990 1005 3058 Varro
1034 2989 1055 3055 l.
1078 2989 1100 3054 l.
1123 2991 1154 3056 V
1175 2995 1195 3074 ἓ
1220 2992 1277 3056 131
1303 2997 1345 3054 at-

203 3101 307 3173 teram,
331 3099 411 3172 qaod
430 3113 525 3173 supra
548 3115 568 3156 a
588 3113 645 3172 pao
666 3113 843 3172 supparum.

286 3194 403 3260 Restat
424 3203 461 3258 ut
483 3193 687 3259 conferamus
711 3195 998 3279 grammaticorum
1019 3191 1148 3258 illorum
1172 3216 1272 3281 opera
1289 3197 1346 3281 qui

202 3296 308 3361 adhuc
338 3305 512 3384 supersunt
539 3296 680 3362 maxime
703 3294 845 3361 Charisii
869 3304 902 3360 et
923 3294 1100 3378 Prisciani,
1129 3318 1210 3382 quos
1233 3307 1344 3362 notum

201 3407 251 3462 est
273 3420 370 3484 saepe
393 3421 411 3462 e
432 3397 570 3464 uetustis
594 3397 743 3462 hausisse
766 3396 980 3483 scriptoribus
1003 3419 1041 3462 ac
1064 3396 1182 3462 doctis.

201 3555 275 3614 Noa.
295 3573 328 3632 p.
354 3562 418 3622 120,
444 3562 471 3613 t.
505 3549 610 3614 hallec
626 3572 745 3634 genere
764 3560 889 3613 neutro
921 3548 1057 3614 Plautus
1081 3551 1250 3617 Asinaria:
1274 3553 1344 3639 ‘qui

326 3650 406 3716 mihi
433 3652 523 3717 olera
560 3654 660 3717 cruda
682 3662 807 3738 ponunt
829 3649 934 3716 hallec
958 3650 1077 3716 duint.’
1122 3651 1279 3718 Horatius
1308 3656 1342 3718 in

326 3753 408 3819 libro
431 3753 533 3819 altero
558 3755 764 3819 Sermonum:
796 3757 868 3838 ‘ego
892 3753 1016 3817 faecem
1038 3752 1162 3838 primus
1186 3765 1219 3819 et
1240 3754 1345 3820 hallec

327 3857 453 3920 miscui.

198 3963 296 4022 Prisc.
320 3961 372 4020 IV
386 3979 419 4037 p.
446 3969 510 4022 212.
555 3957 595 4021 de
623 3957 736 4022 eodem
764 3956 923 4021 uocabulo
952 3978 1053 4042 agens
1083 3957 1191 4022 adfert
1213 3959 1343 4025 Martia·

326 4058 388 4122 lem
417 4067 450 4123 et
477 4059 667 4142 Horatiu1n3
697 4069 846 4123 auctores
875 4068 986 4124 autem
1020 4059 1167 4124 nominat
1193 4061 1343 4126 Flauium

326 4159 469 4246 Capram
493 4171 525 4225 et
547 4161 699 4226 Verrium
721 4160 884 4225 Flaccum.

199 4317 272 4376 Non.
293 4335 326 4394 p.
353 4323 413 4394 too,
440 4325 484 4378 17.
515 4313 590 4378 calx
606 4323 656 4378 est
671 4315 800 4398 generis
817 4313 974 4379 feminini.
1004 4313 1170 4399 Vergilius
1187 4314 1243 4381 lib.
1257 4317 1341 4382 XIl:

324 4413 459 4479 ‘ferrata
481 4418 569 4480 calce
591 4416 736 4501 fatigat'.
782 4416 858 4481 calx
880 4414 1060 4482 masculini.
1106 4415 1242 4480 Plautus
1265 4420 1342 4483 Poe-

324 4516 400 4580 nulo
424 4539 451 4581 e.
475 4542 506 4604 q.
531 4542 557 4582 s.
