3262 5196
656 381 886 446 ..47ffl

187 558 477 616 commentatorem
500 552 597 616 istum
616 551 841 616 Plautinarum
865 551 1048 617 fabularum
1071 551 1246 639 accepisse.
1275 551 1334 616 sed

185 652 314 738 plenius
341 651 381 716 de
404 653 529 717 ratione
552 675 635 738 quae
662 655 748 718 inter
770 652 912 717 Probum
941 662 973 718 et
995 653 1138 723 Nonium
1160 653 1334 720 intercedit

187 753 275 818 infra
298 776 476 839 exponam,
505 754 548 818 ad
577 777 673 840 quam
704 754 938 840 expositionem
967 779 1053 822 nunc
1076 756 1172 821 liceat
1200 765 1233 821 te
1255 756 1333 820 rele-

187 877 283 939 gare,
314 856 467 942 quoniam
492 855 532 920 de
554 856 606 921 his
629 855 791 921 Plautinis
820 855 990 923 ordinibus
1014 858 1128 922 eodem
1152 860 1186 923 in
1208 858 1335 922 uniuer-

189 981 263 1021 sum
287 958 397 1024 ualent
419 981 502 1044 quae
525 958 612 1023 infra
635 959 675 1023 de
698 957 770 1023 a'liis
794 958 965 1025 ordinibus
988 960 1166 1027 iudicanda
1180 961 1305 1047 putaui.

273 1058 338 1124 Sed
362 1061 559 1126 conueniunt
582 1061 679 1126 etiam
707 1060 837 1145 singula
860 1061 892 1125 in
916 1063 1046 1147 septimi
1073 1063 1189 1150 capitis
1212 1062 1333 1127 ordini·

190 1162 253 1227 bns
270 1185 342 1226 eum
366 1163 533 1227 Prisciano
550 1165 606 1248 qui
628 1162 712 1228 libro
728 1162 814 1228 VIII
830 1162 870 1227 de
886 1164 1059 1228 contrariis
1075 1164 1251 1248 generibus
1264 1186 1334 1226 uer-

187 1265 304 1328 borum
339 1262 489 1329 similiter
512 1287 550 1329 ac
578 1264 705 1329 Nonius
741 1265 898 1330 disseruit
924 1264 1031 1331 Probo
1060 1267 1200 1331 maxime
1223 1267 1333 1330 nixus.

187 1365 290 1430 uerba
319 1376 427 1431 tamen
450 1364 674 1431 Plautinorum
702 1366 851 1431 ordinum
875 1369 921 1452 (p.
944 1367 1006 1431 467
1032 1389 1137 1448 onyas,
1165 1375 1333 1448 auspicari,

189 1473 348 1542 demetam,
363 1479 464 1549 meret,
477 1479 589 1532 scruto.
618 1491 651 1554 p.
666 1468 732 1533 474
752 1476 850 1548 opino,
867 1469 977 1551 tutent)
994 1492 1067 1534 cum
1088 1470 1176 1555 apud
1195 1461 1332 1535 Priscia-

189 1592 266 1633 num
286 1571 356 1634 sine
372 1570 529 1656 exemplis
551 1570 701 1655 legantur
716 1579 772 1634 aut
789 1570 862 1634 aliis
884 1593 981 1656 quam
999 1594 1082 1658 quae
1099 1571 1223 1638 Nonius
1241 1595 1332 1659 prae·

190 1671 246 1735 bet
266 1670 481 1754 illustrentur,
500 1695 564 1737 non
586 1672 703 1736 attinet
720 1672 781 1736 hoc
798 1673 869 1738 loco
885 1672 990 1737 fusius
1008 1674 1115 1738 dicere
1131 1674 1172 1738 de
1187 1675 1334 1740 fontibus

194 1773 361 1838 Prisciano
384 1783 417 1838 et
439 1773 546 1839 Nonio
577 1775 813 1857 communibus,
837 1775 966 1840 tametsi
989 1775 1163 1841 inhaere
1186 1776 1226 1840 de
1242 1775 1336 1840 Plau-

192 1877 268 1940 tinis
292 1861 462 1940 ordinibus
487 1875 601 1940 eadem
624 1877 800 1941 statuenda
821 1877 976 1942 uidentur
998 1899 1081 1962 quae
1103 1877 1190 1941 infra
1214 1877 1254 1942 de
1278 1878 1336 1941 At·

194 1977 288 2041 tianis
312 1975 561 2063 explicabimus.

274 2079 384 2142 Vnum
418 2079 518 2144 etiam
550 2079 669 2144 addam
702 2081 877 2164 uestigium
912 2082 1065 2168 antiquae
1095 2083 1263 2146 doetrinae
1296 2103 1338 2145 ex

195 2179 303 2244 ordine
326 2179 479 2248 Plautino
502 2181 579 2245 inde
601 2203 619 2244 a
642 2205 674 2266 p.
700 2182 770 2263 143,
797 2182 842 2246 10.
877 2182 1003 2247 Nonius
1026 2183 1089 2248 ita:
1113 2190 1238 2248 neminis
1257 2190 1337 2262 posi-

192 2293 253 2347 tum
270 2303 331 2362 pro
353 2289 472 2348 mollins.
523 2290 650 2348 Plautus
686 2288 819 2364 Captiuis
851 2284 936 2368 [111.
962 2287 993 2367 5,
1019 2285 1093 2368 106]
1131 2291 1269 2351 ‘neminis
1295 2306 1340 2348 me

192 2393 323 2458 miseret,
357 2407 427 2450 nom
460 2405 506 2450 me
541 2393 660 2450 miseret
691 2393 858 2450 neminem'
902 2392 1035 2451 Lneilins
1067 2391 1132 2452 Sot.
1167 2394 1218 2453 lib.
1246 2391 1345 2450 XXX

193 2494 329 2552 ‘neminis
350 2495 501 2566 inaeniom
525 2499 638 2554 tontum
660 2493 813 2565 considere
835 2495 974 2567 oportet?
999 2488 1167 2553 Charisius
1184 2513 1215 2576 p.
1235 2489 1304 2571 138,
1322 2490 1339 2552 7

194 2597 319 2656 neminis
341 2596 466 2655 Plautus
488 2597 519 2654 in
543 2596 677 2671 Captiuis
701 2590 822 2674 [111,5,
844 2589 919 2674 107]
950 2594 1088 2655 ‘neminis
1114 2597 1252 2655 misereri
1276 2612 1340 2656 eer-

195 2705 255 2756 tum
277 2701 341 2756 est?
374 2691 544 2756 Charisius
567 2691 628 2757 hoe
644 2691 713 2757 loco
731 2691 851 2755 Iulium
867 2692 1049 2755 Romanum
1069 2692 1231 2774 adhibuit,
1248 2692 1340 2756 cuius

196 2794 441 2860 obseruationes
470 2794 639 2858 redierunt
667 2792 710 2858 ad
733 2792 876 2858 Plinium
905 2803 937 2857 et
960 2794 1101 2880 Capram
1124 2793 1178 2858 uel
1200 2793 1242 2858 ad
1265 2797 1340 2860 Pro·

197 2897 284 2978 hum,
302 2899 363 2960 hoc
385 2905 493 2961 autem
516 2919 632 2983 parurn
656 2895 772 2975 differt,
797 2895 948 2981 quoniam
973 2894 1115 2959 Plinium
1144 2905 1177 2960 et
1198 2896 1342 2981 Caprnm

196 2997 302 3064 Probo
333 2997 494 3084 permulta
524 2997 677 3063 debuisse
705 3007 818 3063 notum
854 3007 914 3062 est.
960 3017 1064 3061 nouus
1093 2997 1187 3062 testis
1214 2997 1342 3062 accedit

196 3099 384 3165 Priscianus
409 3099 516 3186 Capro
545 3123 624 3164 usus
654 3123 685 3186 p.
709 3100 782 3181 207,
805 3102 827 3163 4
849 3101 910 3164 ita:
935 3107 1069 3164 neminis.
1095 3138 1132 3146 -
1156 3103 1290 3163 Lucilios
1312 3104 1340 3162 in

198 3205 297 3264 XXX
320 3208 457 3266 ‘neminis
490 3209 611 3282 inqenio
644 3222 820 3282 quemqnam
856 3205 1008 3277 confidere
1035 3208 1171 3281 oportet!
1216 3206 1344 3264 Plenius

197 3311 228 3368 in
251 3309 387 3384 Captiuis
415 3311 566 3368 ‘misereri
585 3315 698 3369 certam
724 3312 796 3383 quin
822 3311 881 3369 mei
910 3311 1029 3368 miseret
1061 3308 1173 3381 nemo’,
1212 3306 1341 3367 Titinius

198 3411 293 3485 ‘quod
313 3427 406 3484 myos
428 3413 572 3471 neminem
596 3412 678 3470 decet
701 3410 833 3470 honam!
1193 3397 1196 3403 ’

283 3509 354 3573 Iam
377 3509 478 3593 igitur
500 3518 537 3574 ut
560 3509 744 3573 summatim
773 3507 969 3594 complectar
997 3529 1082 3593 quae
1105 3505 1211 3571 adhue
1233 3505 1342 3591 dispu-

199 3618 267 3674 tata
282 3620 358 3676 sunt
375 3609 415 3674 de
431 3610 592 3674 Plautinis
612 3609 793 3692 ordinibus,
817 3609 973 3674 uidentur
987 3607 1036 3671 illi
1052 3608 1181 3672 ordines
1206 3607 1344 3692 profecti

200 3734 272 3776 esse
288 3734 304 3775 e
321 3711 564 3777 commentariis
588 3710 716 3777 duobus
740 3711 796 3797 qni
819 3712 899 3776 satis
924 3711 1018 3776 docte
1038 3719 1071 3774 et
1086 3708 1212 3773 erudite
1229 3710 1343 3796 scripti

201 3814 308 3877 Verrii
330 3812 451 3895 Flacci,
477 3812 642 3895 Varronis,
666 3813 767 3879 Probi
790 3814 914 3879 horreis
929 3813 1018 3877 haud
1034 3833 1138 3899 pauca
1160 3810 1344 3875 rettulerint

200 3925 347 4000 accepta,
370 3916 426 4001 qui
448 3937 488 3978 ne
504 3937 521 3978 c
537 3913 723 3978 Sisenniani
746 3915 877 4001 quidem
901 3901 1122 3980 commentarii
1146 3913 1248 3998 copiis
1265 3912 1344 3976 nihil

202 4016 386 4083 habuerint.
410 4017 619 4080 ——Transeo
644 4018 685 4082 ad
709 4026 833 4082 ceteros
858 4017 1000 4081 ordines.
