3260 5212
682 363 892 428 ..91‚.

684 573 780 651 (laput
801 572 885 634 VIII.

214 677 246 740 p.
269 653 342 733 495,
364 654 394 716 2.

168 807 172 813 .
252 755 375 818 lemma
397 755 448 819 98.
471 755 626 820 teneritas
773 761 835 820 Cle.
857 761 895 819 ue
914 762 969 831 lin.
998 761 1022 818 V
1044 755 1068 838 ἕ
1091 763 1139 816 58.

214 1051 236 1114 P
270 1026 328 1091 541
369 1025 405 1088 ll
687 947 783 1025 caput
804 947 882 1010 XIV.

240 1075 247 1092 .
334 1075 343 1107 ,
410 1075 417 1089 .

255 1128 375 1192 lemma
395 1127 447 1193 27.
471 1127 627 1194 carbasus
775 1127 899 1213 Vergil.
924 1129 1007 1192 Aen.
1030 1127 1087 1191 lib.
1110 1126 1206 1191 VIII.

773 1232 859 1298 idern
882 1229 940 1295 lib.
964 1229 1025 1295 IX.

774 1336 853 1396 Tull.
876 1337 906 1395 lu
938 1338 1022 1396 Verr.
1046 1335 1084 1394 cle
1104 1337 1205 1410 suppl.
1232 1335 1259 1394 V
1273 1331 1297 1413 ἕ
1313 1341 1359 1396 30.

773 1435 879 1498 Varro
903 1433 944 1498 de
967 1435 1025 1498 uit.
1049 1456 1081 1518 p.
1105 1433 1144 1496 R.

397 1538 448 1602 28.
473 1546 645 1624 praetexta
776 1539 908 1600 Tullia
939 1541 1023 1598 Verr.
1048 1540 1086 1598 dc
1107 1541 1208 1614 suppl.
1233 1535 1294 1617 l'§
1309 1546 1356 1597 30¹.

216 1708 446 1874 plddbiiralilil.
471 1809 589 1874 culcita
774 1814 836 1873 Clo.
862 1811 949 1871 Taso.
973 1811 1023 1871 leb.
1047 1807 1146 1889 lup
1170 1817 1219 1869 46.

674 1695 900 1704 -a—-a--u—

677 1999 774 2077 (lapnt
794 1998 891 2060 XVH.

216 2105 249 2168 p.
271 2082 344 2163 550,
368 2081 419 2146 20.
780 2147 785 2158 ,

257 2182 375 2247 lemma
397 2182 428 2247 4.
450 2203 564 2246 menae
776 2183 852 2244 Tull.
877 2185 914 2244 dc
933 2187 1017 2256 finib.
1040 2185 1080 2244 II
1096 2183 1120 2264 §
1143 2191 1187 2245 91.

673 2339 900 2347 -κ-,ρ-

216 2377 249 2442 p.
273 2353 347 2435 550,
370 2353 421 2416 25.

257 2455 375 2520 lemma
396 2454 427 2519 5.
451 2454 638 2538 accipenser
776 2459 837 2518 Clc.
865 2457 951 2518 Ture.
973 2456 1029 2518 III
1047 2455 1071 2538 ἕ
1095 2464 1143 2516 43.

398 2556 428 2619 6.
451 2555 651 2622 nasturcium
685 2608 688 2613 .
774 2560 834 2620 Cle.
861 2558 948 2618 Tusc.
981 2560 1009 2617 V
1025 2557 1049 2640 ἕ
1071 2567 1112 2623 99.

300 2709 469 2774 Habemus
491 2709 591 2792 igitur
613 2707 763 2773 ordinum
788 2706 852 2771 duo
873 2709 1032 2794 imprimis
1056 2729 1194 2791 genera,
1223 2727 1360 2793 qnorum

216 2813 353 2878 alterum
376 2811 532 2896 exemplis
560 2809 728 2874 conficitur
750 2831 834 2894 quae
856 2832 874 2873 e
896 2818 1050 2896 quattuor
1077 2810 1208 2894 seriptis
1229 2807 1359 2872 Cicero-

216 2915 266 2978 nis
290 2913 462 2998 desumpta
484 2920 558 2976 sunt
580 2911 645 2974 his:
676 2909 716 2974 de
739 2910 873 2992 officiis,
897 2909 1092 2993 Hortensio,
1116 2910 1157 2974 de
1181 2919 1360 2992 senectute,

217 3016 258 3079 de
288 3013 515 3100 republica.³⁶)
565 3013 703 3076 alterum
736 3034 838 3096 genus
872 3011 1096 3098 exemplorum
1130 3036 1147 3076 e
1180 3011 1272 3076 libris
1307 3011 1360 3074 de-

216 3127 401 3203 promptum
424 3124 474 3180 est
495 3115 546 3178 his
569 3122 738 3200 quattuor:
762 3123 900 3194 oratore,
919 3112 959 3178 de
981 3123 1120 3195 oratore,
1143 3113 1360 3194 Academicis

217 3217 411 3282 Tusculanis
435 3215 554 3301 dispp.,
578 3217 634 3300 qui
649 3215 724 3280 libri
740 3214 906 3279 Ciceronis
923 3237 994 3279 esse
1009 3216 1131 3302 ubique
1147 3216 1310 3279 dicuntur.
1321 3214 1360 3298 37)

216 3320 278 3384 hac
300 3319 506 3404 potissimum
529 3340 564 3382 re
586 3317 714 3381 Riesius
738 3326 931 3401 excerptae
955 3316 1122 3381 Ciceronis
1145 3317 1238 3382 libris
1254 3315 1360 3380 Nonio

217 3422 290 3484 usui
312 3420 415 3484 fuisse
438 3420 586 3484 euincere
609 3419 671 3483 sibi
696 3419 786 3483 uisus
809 3428 857 3483 est
879 3419 926 3482 sic
947 3419 1178 3484 ratiocinatus:
1202 3419 1286 3482 ‘Fur
1308 3417 1361 3482 die

215 3520 439 3586 Mueller'scbe
463 3519 635 3585 Annahme
659 3519 728 3606 (qui
750 3520 839 3606 ipsos
862 3528 961 3584 testes
984 3543 1064 3605 quos
1086 3521 1194 3585 adfert
1217 3519 1360 3584 Nonium

216 3624 336 3708 legisse
357 3624 491 3710 negauit
512 3622 553 3686 de
576 3644 610 3685 re
633 3631 726 3685 metr.
749 3644 781 3707 p.
805 3622 859 3706 80)
883 3622 1013 3703 mdchte
1035 3623 1104 3686 eins
1127 3625 1162 3686 in
1184 3621 1237 3686 die
1260 3621 1361 3705 Wag-

219 3725 327 3790 schale
350 3725 465 3789 fallen:
494 3746 559 3788 von
582 3723 646 3788 den
669 3722 921 3788 Ciceronischen
944 3722 1109 3789 Schriften
1135 3722 1229 3787 theilt
1251 3745 1287 3786 er
1308 3723 1361 3786 die

216 3865 444 3876 --—--———

284 3930 327 3996 36)
346 3945 409 3982 num
432 3931 518 3982 libros
542 3930 575 3980 de
598 3930 743 3995 republica
765 3931 792 3979 in
812 3928 906 3981 eodem
924 3935 990 3996 puto
1010 3930 1104 3982 codice
1127 3931 1214 3981 fuisse
1233 3945 1294 3980 curn
1311 3929 1360 3979 hos

218 4031 325 4082 quoque
348 4032 383 4067 ne
412 4031 466 4067 uno
490 4014 599 4079 quidem
623 4015 683 4065 loco
708 4019 823 4079 excepto
846 4029 1046 4079 usquequaque
1069 4015 1162 4066 Tullio
1184 4015 1289 4067 Nonius
1313 4013 1361 4064 ad-

216 4101 321 4152 scribat
338 4116 453 4166 cumque
476 4102 505 4150 in
528 4099 667 4165 plerisque
691 4099 833 4152 ordinibus
856 4101 985 4151 continuo
1008 4105 1168 4150 asserantur
1186 4101 1287 4150 ceteris
1305 4098 1360 4148 illis

217 4185 302 4236 'rullii
332 4186 452 4252 scriptis.
489 4184 597 4237 ordines
627 4189 719 4236 autern
751 4185 798 4248 qui
820 4184 904 4234 nullis
927 4184 982 4234 nisi
1005 4183 1136 4235 librorum
1160 4185 1193 4234 de
1218 4183 1360 4248 republica

218 4270 374 4321 efficiantur
392 4270 524 4335 exemplis
543 4270 571 4318 in
590 4270 695 4320 duobus
713 4273 822 4318 tantum
840 4270 981 4334 capitibus
1001 4268 1025 4333 (1
1044 4275 1072 4320 et
1084 4269 1118 4333 V)
1140 4269 1325 4319 inueniuntur.

284 4355 327 4418 37)
346 4355 520 4420 paucissimis
538 4354 609 4404 locis
627 4354 712 4407 Tullii
728 4355 838 4404 nomine
857 4354 1028 4410 adferuntur.
1064 4353 1129 4403 libri
1153 4353 1186 4402 de
1205 4357 1313 4402 oratore
1331 4351 1359 4401 in

217 4439 358 4490 ordinibus
381 4439 428 4503 qui
455 4443 551 4489 extant
573 4456 600 4504 p.
626 4439 688 4502 180,
712 4441 752 4489 28.
777 4440 840 4502 450,
864 4441 906 4492 25.
928 4438 1016 4504 dispp.
1040 4437 1216 4489 Tusculanae
1239 4439 1302 4500 443,
1329 4439 1360 4487 lt

218 4523 310 4576 'I'ullio
328 4522 514 4574 uindicantur.
