3262 5196
740 367 950 432 -62—

272 542 357 606 Non.
380 563 413 627 p.
436 540 508 621 469,
534 539 583 604 15.
621 545 745 602 assensit
768 561 796 603 e.
819 560 849 623 q.
874 561 900 601 s.

271 643 424 708 Diomed.
441 665 474 728 p.
487 641 560 724 381,
577 642 629 704 24.
661 646 797 704 adsentio
815 645 964 718 Verqitins
977 643 1149 702 ‘adsensere
1163 643 1285 700 omnes!
1316 639 1418 700 Cicero

397 750 593 823 epistularum
607 747 736 806 secundo
756 747 800 805 ad
813 745 947 818 fratrem
963 745 1148 820 ‘Phiiippus’
1165 745 1260 817 inquit
1275 743 1420 801 ‘adsentit

398 850 545 909 Lentulo’
582 850 636 907 sed
656 856 685 908 et
707 850 862 908 adsentiar
877 847 1038 906 Sallustius
1060 848 1103 904 ait
1124 848 1154 905 in
1173 846 1304 904 Catilina
1327 845 1418 902 ‘alius

398 952 455 1009 atii
473 953 561 1010 uarie
582 950 849 1010 adsentiebantur!
885 945 928 1007 cf.
952 943 1053 1006 Prisc.
1077 942 1152 1023 399,
1179 942 1217 1004 12
1240 941 1282 1004 Η.

271 1048 356 1112 Non.
379 1070 411 1133 p.
426 1047 500 1129 469,
523 1046 576 1110 22.
610 1058 802 1111 cunctante.
826 1067 858 1131 q.
882 1068 908 1108 s.

271 1149 376 1213 Prisc.
400 1171 431 1234 p.
447 1148 522 1228 392,
546 1147 576 1212 8.
613 1158 717 1211 eunrlo
735 1169 795 1226 pro
817 1157 950 1211 cunctor.

273 1251 357 1316 Non.
381 1273 412 1336 p.
428 1249 501 1329 469,
524 1249 576 1313 27.
613 1256 739 1328 acciano
761 1271 788 1313 e.
811 1271 841 1334 q.
866 1271 892 1312 s.

270 1352 373 1416 Prisc.
396 1373 428 1436 p.
445 1351 520 1432 390,
546 1351 595 1415 17.
629 1356 705 1414 idern
729 1358 759 1413 in
782 1353 821 1412 ΙΙ
839 1355 987 1413 Aeneidos
1009 1354 1189 1426 ‘acrinpnnt
1210 1368 1310 1412 ornnes
1331 1354 1417 1428 oneri

395 1457 579 1532 pedibusque
600 1464 735 1516 rotarum
750 1455 906 1514 Subieiunt
927 1456 1047 1530 titpsns'
1065 1471 1126 1530 pro
1148 1457 1351 1528 occinonnnu·
1370 1457 1418 1514 uel

402 1561 563 1631 occinqnnt
583 1573 623 1616 se.

271 1655 356 1718 Non.
380 1676 409 1739 p.
432 1653 505 1735 469,
529 1655 581 1718 31.
617 1661 833 1733 contemptae.
857 1675 888 1739 q.
912 1677 937 1718 s.

256 1755 378 1818 'Prisc
394 1778 427 1841 p.
443 1754 516 1832 392,
533 1754 563 1819 9.
596 1761 759 1834 contempto
772 1776 830 1835 pro
843 1761 1035 1835 contemplor.
1067 1756 1110 1820 cf.
1127 1753 1214 1819 Gell.
1229 1754 1361 1837 XVIII,
1380 1754 1419 1817 12

397 1858 452 1942 qui
475 1855 562 1919 idem
585 1855 769 1943 exemplum
790 1854 976 1920 Plautinum
999 1856 1108 1922 adfert
1129 1856 1217 1943 quod
1239 1857 1373 1924 Nonius

272 1959 355 2023 Non.
378 1979 411 2042 p.
432 1957 505 2039 470,
528 1959 559 2021 6.
596 1965 744 2022 attercota
765 1969 810 2021 est
830 1981 858 2022 e.
882 1979 913 2043 q.
937 1980 963 2021 s.

271 2061 373 2124 Prisc.
397 2082 428 2145 p.
451 2059 524 2142 392,
546 2059 598 2124 24.
633 2066 746 2123 altered
767 2066 857 2123 etintn
876 2080 936 2137 pro
956 2065 1087 2123 altercer
1102 2097 1142 2106 -
1158 2065 1238 2123 unde
1263 2063 1417 2123 Terentius

399 2168 430 2224 in
451 2166 571 2224 Andria
594 2166 681 2241 ‘scio‚
704 2181 770 2223 curn
789 2173 881 2240 putre
902 2167 1058 2225 altercasti
1078 2166 1213 2224 dudum?

272 2263 358 2327 Non.
380 2284 413 2349 p.
434 2263 508 2344 470,
531 2262 561 2326 9.
599 2266 789 2326 arbitrabunt
810 2284 837 2326 e.
862 2284 893 2347 q.
917 2285 943 2325 s.

271 2364 373 2427 Prisc.
389 2386 421 2449 p.
436 2363 511 2443 383,
536 2364 585 2426 11.
614 2369 729 2427 Caelius
744 2371 795 2426 ‘en
814 2371 933 2442 seriptis
947 2383 1047 2428 eorum
1063 2370 1116 2441 qni
1135 2371 1201 2428 neri
1215 2368 1415 2429 urottrontur’

395 2470 530 2543 passiue,
555 2461 861 2546 ὑπολαμβάνονται.

271 2566 354 2630 Non.
377 2589 409 2652 p.
432 2566 507 2648 470,
532 2566 581 2629 11.
619 2573 812 2646 amplexae.
837 2589 867 2651 q.
892 2590 918 2631 s.

271 2669 375 2732 Prisc.
397 2691 430 2754 p.
445 2667 519 2748 393,
542 2668 572 2730 6.
610 2674 749 2747 amplexo
764 2688 826 2748 pro
848 2676 1005 2748 amplexor
1027 2691 1055 2732 e.
1079 2691 1109 2754 q.
1135 2691 1160 2733 s.
1235 2691 1238 2694 ·

272 2769 356 2833 Non.
378 2792 410 2855 p.
432 2769 508 2850 470,
534 2769 582 2832 16.
620 2776 763 2834 criminnt
784 2792 811 2832 e.
834 2793 866 2856 q.
890 2793 915 2835 s.

272 2870 375 2934 Prisc.
398 2892 430 2955 p.
447 2870 521 2952 392,
547 2872 596 2935 12.
630 2878 755 2935 crimino
771 2892 833 2950 pro
854 2878 1008 2936 criminor.

270 2971 355 3036 Non.
377 2994 410 3057 p.
432 2971 506 3052 470,
532 2972 581 3035 19.
619 2977 795 3048 dionante.
819 2995 849 3058 q.
874 2995 901 3036 s.

270 3074 372 3138 Prisc.
396 3096 427 3159 p.
450 3072 523 3152 392,
548 3073 596 3136 13.
626 3077 717 3151 denno
736 3094 793 3152 pro
816 3081 936 3152 dionor.
972 3075 1238 3159 antinoios,
1261 3076 1292 3138 6.
1322 3074 1413 3140 Seru.

397 3173 441 3237 ad
462 3173 561 3258 Verg.
584 3174 668 3238 Aen.
693 3175 756 3258 XI,
781 3176 852 3240 169.

270 3278 356 3343 Non.
378 3300 410 3361 p.
433 3276 506 3357 470,
529 3276 582 3340 22.
618 3282 796 3341 miserorent
817 3301 834 3340 e
857 3301 888 3364 q.
912 3301 937 3341 s.

270 3379 373 3442 Prisc.
396 3401 427 3462 p.
450 3377 523 3461 392,
550 3378 598 3442 17.
635 3385 759 3444 misereo
774 3401 837 3460 pro
859 3387 1017 3462 misereor,
1040 3386 1119 3444 unde
1142 3388 1259 3446 miseret
1280 3395 1308 3444 et
1329 3389 1413 3446 mise-

397 3494 482 3543 retur
502 3486 725 3560 impersonatio.

271 3583 354 3648 Non.
378 3604 409 3667 p.
425 3582 500 3664 470,
523 3582 574 3645 24.
611 3589 694 3661 torui
714 3605 741 3648 e.
765 3606 797 3668 q.
820 3607 845 3648 s.
911 3661 914 3666 1

271 3685 374 3750 Prisc.
398 3707 430 3770 p.
445 3683 519 3765 392,
542 3682 594 3747 21.
631 3691 730 3763 tarpio
747 3706 808 3766 pro
828 3693 955 3764 turpior.

258 3843 262 3856 ,
354 3784 510 3856 Difficilis
525 3783 578 3849 hic
594 3787 741 3849 exoritur
756 3788 914 3872 quaestio.
944 3787 1262 3870 Kretzschmerus²⁸)
1280 3788 1411 3873 quidem

271 3910 402 3975 operam
418 3887 510 3951 dedit
522 3896 559 3950 ut
574 3909 616 3950 ex
630 3888 739 3953 Probo
754 3891 833 3953 haee
853 3886 1008 3953 lemmata
1028 3898 1158 3974 sumpta
1174 3888 1412 3954 demonstraret

269 3991 354 4054 hane
380 3989 467 4052 uiam
496 3989 675 4074 ingressus.
719 3989 851 4054 Seruius
874 3990 916 4054 ad
940 3991 1021 4054 Aen.
1045 3990 1072 4071 I,
1098 3991 1158 4054 194
1180 3990 1220 4055 64
1247 3990 1410 4076 partiendi

271 4113 350 4157 uoce
372 4113 539 4178 exponens
562 4113 635 4154 cum
656 4091 800 4156 Probum
823 4100 939 4156 testem
962 4092 1091 4156 adferat
1116 4114 1254 4178 cunique
1276 4113 1410 4156 consen-

269 4206 401 4260 taneum
416 4196 460 4258 sit
474 4192 643 4258 Valerium
659 4191 750 4256 illum
765 4193 934 4278 Berytium
954 4195 1001 4260 ibi
1019 4192 1211 4279 significari,
1234 4192 1408 4257 Kretzsch·

257 4319 357 4366 ‘mero
379 4297 487 4359 iudice
509 4304 643 4380 propter
664 4302 857 4359 concentum
872 4295 1040 4361 Nonianus
1063 4295 1103 4360 de
1119 4296 1292 4361 contrariis
1314 4317 1410 4380 gene-

269 4437 496 4444 -—-——--—-—.

337 4520 380 4584 28)
400 4521 434 4569 de
453 4520 484 4568 Α.
505 4519 586 4570 Gellii
605 4518 727 4571 fontibus
744 4536 771 4584 p.
790 4522 822 4571 88
841 4537 880 4584 sq.
