3262 5196
684 395 895 460 ...35...

215 567 333 632 hausta
355 568 507 653 princeps
532 567 593 630 iste
616 565 866 651 compilatorum
889 565 1036 651 proferat
1051 575 1205 651 tanquam
1222 587 1242 630 a
1257 575 1360 630 semet

215 670 287 754 ipso
309 679 476 754 congesta.
517 677 632 733 contra
654 668 735 732 mihi
756 667 888 732 uidetur
911 668 1179 732 commentarium
1201 667 1249 732 ita
1270 666 1360 732 adhi-

217 771 330 836 buisse
351 781 389 835 ut
417 770 611 856 peruoluens
634 792 708 834 eum
738 778 910 854 quaereret
939 771 1079 855 quaein
1102 768 1230 853 singula
1252 769 1361 855 capita

214 871 359 958 recipere
382 881 503 957 posset.
547 872 634 936 unde
658 871 756 936 etiam
779 872 858 936 ordo
880 869 936 936 ille
958 879 990 934 et
1012 870 1199 936 fabularum
1222 879 1255 936 et
1275 871 1360 957 ipso-

215 995 287 1036 rum
319 995 473 1038 uersuum
505 995 736 1060 usquequaque
770 973 852 1037 mira
884 994 956 1037 oum
991 972 1176 1038 constantia
1210 980 1361 1037 seruatus

215 1075 312 1139 facile
335 1075 526 1161 explicatur.
572 1077 612 1140 de
635 1074 795 1160 glossario
819 1084 927 1140 autem
950 1077 1094 1159 cogitare
1118 1084 1268 1140 uetamur
1287 1096 1362 1138 cum

216 1176 289 1241 aliis
302 1178 525 1242 commentarii
541 1177 689 1262 uestigiis
704 1188 774 1242 tum
786 1176 987 1262 longioribus
1000 1177 1040 1240 de
1051 1177 1226 1242 uerborum
1238 1184 1362 1262 etymo-

215 1277 311 1362 logia,
335 1278 376 1342 de
398 1280 493 1343 uaria
515 1279 754 1364 significatione
785 1279 1072 1364 explanationibus
1095 1301 1178 1364 quae
1201 1299 1361 1342 commen-

215 1381 335 1444 tarium
359 1380 456 1445 ualde
484 1379 648 1463 redolent,
677 1381 810 1445 minime
832 1379 1038 1465 glossarium.
1083 1379 1243 1445 accedunt
1269 1401 1362 1464 argu-

216 1491 327 1548 menta
363 1482 481 1568 quibus
519 1481 809 1548 Schottmuellerus
833 1483 1099 1570 comprobauite
1129 1481 1361 1546 commentario

218 1584 361 1649 Nonium
383 1584 544 1650 hausisse.

300 1687 375 1751 Hoc
396 1708 474 1751 uero
497 1687 553 1774 qui
575 1688 772 1752 concesserit
795 1708 868 1751 eum
890 1708 1023 1752 necesse
1050 1696 1101 1751 est
1130 1687 1228 1751 etiam
1251 1708 1362 1751 conce-

218 1789 294 1852 dere
323 1787 450 1853 duohus
484 1788 725 1854 commentariis
759 1811 854 1852 usum
877 1811 949 1854 esse
977 1789 1131 1870 Nonium,
1161 1811 1298 1875 quorum
1330 1789 1363 1852 in

220 1889 321 1956 altero
355 1890 547 1955 adnotatum
581 1901 651 1955 erat
679 1890 722 1954 ad
748 1891 807 1954 has
844 1890 988 1956 fabulas:
1032 1889 1365 1978 Amphitruonem¹⁶),

223 1993 420 2074 Asinariam,
451 1991 672 2074 Aululariam,
703 1991 903 2073 Bacchides,
934 1991 1104 2074 Casinam,
1134 1977 1363 2073 Cistellariam,

226 2091 394 2178 CaptiuoS,
429 2093 673 2176 Curculionem,
708 2094 899 2179 Epidicum,
934 2093 1088 2175 Militem,
1123 2092 1363 2174 Menaechmos,

222 2194 364 2278 Persam,
387 2195 600 2278 Pseudulum,
616 2196 807 2278 Poenulum,
826 2195 1022 2277 Rudentem,
1040 2193 1197 2276 Stichum,
1215 2193 1365 2257 Trinum-

219 2319 323 2378 mum,
355 2297 601 2362 Truculentum.
646 2296 729 2363 alter
756 2307 865 2362 autem
894 2296 1145 2362 commentarius
1173 2295 1363 2382 complexus

220 2406 270 2462 est
293 2408 358 2463 tres
382 2398 511 2464 fabulas
528 2402 601 2463 has:
632 2399 914 2486 Amphitruonem,
931 2397 1129 2480 Asinariam,
1149 2396 1366 2463 Aululariam.

219 2501 280 2564 hoc
302 2503 388 2565 enim
411 2523 452 2564 ex
474 2522 514 2565 ea
535 2523 571 2564 re
593 2511 732 2587 apparet
754 2501 842 2588 quod
863 2523 922 2588 per
944 2502 1052 2566 omnia
1074 2501 1143 2564 fere
1166 2499 1274 2584 capita
1297 2501 1366 2563 siue

220 2624 279 2689 per
294 2601 440 2686 singulas
458 2603 602 2687 capitum
614 2602 739 2668 litteras
754 2603 818 2669 duo
831 2613 946 2668 extant
959 2601 1185 2667 Plautinorum
1205 2599 1367 2686 exemplo-

219 2726 292 2768 rum
326 2702 456 2770 ordines
490 2727 627 2791 quorum
660 2704 750 2790 prior
788 2728 830 2769 ex
868 2703 1096 2788 duodeuiginti
1133 2702 1198 2767 illis
1233 2701 1366 2785 fabulis,

220 2807 381 2892 posterior
403 2827 445 2870 ex
467 2806 572 2871 tribus
594 2805 645 2870 his
669 2805 820 2891 exempla
841 2808 971 2894 repetit.
1003 2815 1101 2892 atque
1115 2805 1218 2891 priori
1234 2803 1367 2892 quidem

221 2907 374 2972 ordinum
406 2909 517 2993 generi
550 2907 609 2972 hos
643 2908 833 2974 tribuendos
867 2930 938 2974 esse
971 2906 1153 2972 dilucidum
1175 2915 1239 2971 est:
1271 2930 1303 2992 p.
1336 2907 1367 2986 3,

222 3009 263 3073 26
286 3031 355 3096 sqq.
381 3009 597 3094 (hostimentum
623 3048 658 3058 -
683 3011 869 3097 suppilare),
898 3034 930 3097 p.
956 3009 1008 3093 72,
1033 3011 1072 3074 15
1095 3031 1166 3095 sqq.
1191 3010 1304 3093 (aetate
1328 3045 1365 3054 -—

223 3114 442 3196 altitudinem),
465 3135 497 3198 p.
521 3111 573 3194 83,
596 3114 615 3176 7
639 3135 707 3199 sqq.
732 3112 880 3198 (contente
894 3112 1122 3195 κ4011515161),
1146 3132 1177 3195 p.
1195 3109 1246 3190 95,
1265 3109 1304 3172 12
1320 3131 1368 3194 sq.

222 3221 398 3294 desqaamat
417 3252 453 3262 -
473 3219 660 3295 deartaare),
683 3236 715 3299 p.
741 3213 811 3296 102,
835 3214 855 3278 6
878 3236 948 3300 sqq.
973 3213 1158 3298 (excantare
1172 3248 1208 3258 -
1223 3218 1368 3290 expapil-

222 3319 315 3402 lato),
343 3341 375 3403 p.
407 3317 477 3397 109,
506 3316 525 3380 9
548 3338 618 3402 sqq.
648 3318 877 3404 (firmitudo—
897 3313 1090 3396 fortunare),
1120 3335 1151 3399 p.
1176 3313 1255 3394 120,
1277 3312 1299 3374 4
1321 3335 1369 3398 sq.

224 3421 334 3502 (hallec
348 3457 384 3465 —
398 3417 638 3502 halophantam),
661 3440 693 3504 p.
720 3419 791 3500 123,
818 3418 856 3482 16
880 3441 948 3504 sqq.
973 3418 1088 3501 (inanis
1105 3454 1142 3462 —
1160 3413 1238 3499 icit),
1262 3437 1294 3500 p.
1311 3414 1370 3478 136

226 3521 440 3606 (macrianae),
470 3542 501 3606 p.
534 3520 612 3601 143,
643 3519 682 3583 10
704 3541 773 3605 sqq.
808 3520 969 3606 (naperam
994 3556 1032 3564 -
1056 3515 1210 3601 neminis),
1240 3540 1272 3601 p.
1298 3515 1369 3594 146,

229 3625 242 3686 1
268 3645 338 3708 sqq.
363 3621 571 3706 (obscaeaaaa
592 3659 633 3668 -
656 3623 861 3706 opulentias),
884 3643 917 3707 p.
942 3619 1003 3686 155
1027 3621 1038 3703 (
1045 3625 1179 3699 palentia
1196 3656 1234 3664 -
1244 3623 1370 3697 pauxil-

224 3727 343 3808 lisper),
367 3747 399 3809 p.
425 3721 495 3804 164,
522 3722 560 3786 16
584 3745 651 3808 sqq.
676 3722 776 3805 (raaia
791 3761 827 3769 —
841 3722 970 3807 rastas),
993 3744 1026 3808 p.
1047 3721 1117 3803 171,
1133 3719 1175 3784 32
1191 3740 1261 3805 sqq.
1278 3719 1369 3802 (serd-

219 3833 347 3907 parrae
363 3864 401 3872 -
417 3824 630 3908 sorditadine),
654 3847 687 3910 p.
704 3824 774 3906 199,
791 3825 810 3888 8
827 3847 897 3911 sqq.
922 3824 1065 3909 (catellae
1081 3861 1118 3868 -
1135 3822 1236 3905 calx),
1252 3843 1285 3907 p.
1297 3818 1370 3898 219,

229 3931 243 3992 1
268 3951 338 4014 sqq.
361 3929 430 4014 (lar
453 3965 492 3975 -
515 3926 657 4011 leniam),
681 3950 713 4013 p.
736 3927 810 4011 217,
834 3926 875 3991 26
900 3927 1025 4011 (portas
1055 3963 1088 3973 -
1108 3924 1226 4009 panis),
1249 3945 1281 4009 p.
1297 3920 1371 4002 227,

295 4134 337 4202 16)
356 4135 471 4201 negauit
497 4133 605 4200 quidem
634 4132 880 4186 Schottmuellerus
904 4133 934 4196 (l.
958 4133 976 4186 l.
1000 4149 1026 4198 p.
1050 4131 1111 4195 828)
1143 4129 1371 4196 Amphitruonem

227 4221 349 4272 fabulam
369 4222 397 4270 in
417 4219 612 4270 commentario
635 4221 695 4269 siue
720 4219 814 4269 codice
840 4235 857 4268 a
874 4219 964 4269 Nonio
988 4217 1111 4268 adhibito
1138 4216 1226 4266 fuisse
1248 4215 1373 4280 primam.

228 4321 335 4356 errasse
359 4311 451 4355 tamen
475 4320 535 4355 eum
559 4320 618 4354 oum
642 4319 736 4354 omnes
758 4320 848 4368 paene
872 4303 983 4354 ordines
1007 4319 1021 4352 e
1044 4303 1149 4351 minore
1179 4301 1373 4350 commentario

228 4392 346 4456 profecti
370 4397 427 4440 tum
453 4390 518 4439 ordo
542 4389 588 4440 ille
613 4389 675 4440 inde
700 4406 716 4438 a
739 4405 767 4454 p.
790 4391 853 4452 224,
873 4391 905 4439 30
929 4393 1062 4447 testetur,
1087 4401 1165 4451 quem
1190 4381 1281 4449 paullo
1300 4382 1374 4432 infra

228 4477 345 4542 pleniori
369 4475 563 4525 commentario
582 4475 754 4525 tribuendum
775 4489 835 4524 esse
855 4473 1007 4536 ostendam,
1027 4473 1126 4536 qnippe
1139 4469 1186 4519 ubi
1199 4467 1327 4532 exempla
1342 4482 1373 4514 ex

229 4561 426 4626 Amphitruone
446 4560 534 4625 petita
554 4561 729 4626 excipiantur
747 4559 904 4610 testimonio
925 4574 958 4608 ex
976 4557 1108 4607 Asinaria
1127 4555 1279 4618 desumpto,
1365 4605 1373 4618 ,

1130 4645 1170 4699 3*
