3260 5212
731 365 956 430 -138-

454 530 484 595 6.
507 531 636 616 glandis
826 537 903 598 Sall.
925 538 993 612 laq.
1018 545 1065 610 57,
1090 546 1118 598 4.

829 633 952 719 Vergil.
976 621 1057 700 Aen.
1081 634 1138 700 lib.
1161 634 1237 699 VII.

456 735 486 797 7.
510 737 637 821 scorpio
830 740 905 800 Sall.
929 741 997 802 list.
1021 742 1071 799 lib.
1095 740 1156 799 III.

829 837 954 902 Sisenn.
978 836 1056 900 hist.
1079 836 1136 900 lib.
1160 836 1225 900 ΙΙΙ.

454 939 483 1001 8.
508 938 637 1022 tragula
830 943 905 1004 Sall.
930 943 997 1002 list.
1021 942 1072 1002 lib.
1095 941 1158 1002 III.

407 1085 421 1102 .
828 1039 926 1104 Varr.
949 1039 1106 1124 Meleagr.
1162 1109 1165 1116 ¹

454 1140 484 1202 9.
507 1142 605 1226 pugio
828 1145 902 1204 Sall.
922 1146 989 1205 list.
1013 1146 1063 1205 lto.
1087 1144 1150 1204 III.

435 1241 483 1306 10.
507 1239 639 1326 aclydes
830 1241 954 1326 Vergil.
976 1244 1060 1305 Aen.
1082 1240 1139 1306 lib.
1163 1239 1241 1305 VII.

440 1344 488 1405 11.
511 1343 615 1407 ancile
828 1342 954 1428 Vergil.
979 1343 1060 1406 Aen.
1082 1342 1141 1408 lib.
1163 1339 1242 1404 VII.

434 1444 483 1507 12.
506 1441 639 1508 lanceae
752 1461 755 1470 '
829 1449 906 1508 Sall.
933 1449 1019 1509 Catil.
1046 1455 1096 1520 56,
1120 1455 1146 1505 3.

434 1545 483 1607 13.
507 1543 659 1629 phalerae
829 1549 904 1610 Sall.
928 1551 996 1623 laq.
1019 1556 1068 1621 85,
1094 1555 1137 1607 29.

808 1645 953 1731 Vergil.
977 1649 1059 1711 Aen.
1083 1646 1129 1711 lib
1152 1644 1215 1708 IX.

434 1749 483 1810 14.
505 1769 620 1832 parma
826 1751 901 1810 Sall.
925 1752 990 1811 lisa.
1014 1753 1063 1811 lib.
1085 1752 1145 1810 IV.

825 1847 948 1932 Vergil.
972 1849 1055 1912 Aen.
1078 1847 1135 1912 lib.
1158 1847 1221 1911 IX.

436 1950 729 2015 mmm?
828 1949 1145 2014 mmmm

825 2056 899 2114 Sall.
924 2056 1011 2117 Catil.
1037 2063 1083 2128 60,
1113 2062 1139 2113 2.
1176 2095 1181 2108 .

436 2153 483 2216 16.
508 2159 659 2216 uerutum
829 2157 904 2216 Sall.
928 2158 995 2216 11101.
1020 2158 1069 2216 lib.
1094 2158 1159 2218 III.

828 2253 936 2318 Varro
951 2251 1049 2329 ’Όοος
1071 2252 1183 2338 λύρας.

352 2456 514 2542 Exempla
547 2458 719 2522 subseciua
751 2479 913 2544 perpauca
945 2465 1042 2543 atque
1070 2479 1113 2520 ex
1141 2457 1187 2520 eis
1220 2456 1409 2544 plerumque

269 2558 483 2644 scriptoribus
504 2558 623 2622 hausta
638 2580 775 2644 quorum
790 2558 978 2623 testimonia
993 2558 1072 2622 alibi
1090 2556 1220 2622 ordines
1236 2559 1410 2625 conficiunt

267 2667 305 2722 ut
326 2657 423 2723 facile
446 2659 588 2724 conicias
611 2660 718 2744 ipsum
734 2659 876 2723 Nonium
898 2682 937 2723 ea
952 2659 1120 2724 adiecisse.
1150 2659 1238 2744 quod
1254 2661 1282 2724 si
1297 2683 1410 2725 uerum

268 2769 329 2842 est,
353 2761 462 2825 nescio
491 2782 533 2823 an
559 2759 721 2844 glossario
749 2782 827 2826 usus
855 2760 914 2841 sit,
943 2781 1138 2846 quamquam
1168 2762 1328 2847 suspicari
1348 2764 1410 2827 hoo

268 2860 354 2926 malo
377 2885 474 2947 quam
497 2861 700 2926 confirmare.

351 3014 422 3077 Iam
443 3021 568 3077 restant
590 3014 685 3100 primi
707 3015 824 3099 capitis
840 3015 896 3079 illa
911 3014 1062 3080 lemmata
1077 3015 1281 3101 alphabetico
1298 3017 1409 3081 ordine

269 3114 892 3200 (1101111101ορ.62-65.66,25-67,
921 3117 973 3198 30,
1004 3117 1044 3180 de
1072 3117 1190 3200 quibus
1214 3139 1408 3203 quamquam

267 3225 304 3279 ut
326 3216 407 3279 certi
430 3216 509 3302 quid
532 3239 676 3280 eruerem
699 3238 765 3280 non
787 3218 934 3302 contigit,
957 3219 1020 3283 hoc
1042 3226 1150 3281 tamen
1166 3229 1260 3284 extra
1282 3242 1410 3284 omnem
1453 3288 1456 3296 ,

267 3316 505 3382 dubitationem
532 3319 676 3404 positum
703 3340 775 3382 esse
803 3318 1035 3383 contendemus
1058 3319 1200 3383 Nonium
1228 3321 1331 3387 uerba
1352 3320 1410 3384 illa

266 3415 328 3481 hoc
355 3440 418 3502 quo
453 3419 493 3482 dc
522 3421 568 3483 eis
602 3420 670 3503 agit
703 3419 817 3484 ordine
846 3419 1022 3486 distributa
1057 3421 1122 3483 iam
1155 3421 1190 3484 in
1223 3420 1314 3486 fonte
1349 3439 1407 3487 suo

266 3517 442 3584 inuenisse.
464 3521 534 3605 ipsc
549 3520 633 3584 enim
648 3520 833 3607 ubicunque
854 3544 897 3585 ex
918 3521 1100 3587 litterarum
1124 3522 1236 3586 ordine
1258 3521 1410 3586 lemmata

267 3619 439 3706 disposuit,
462 3623 508 3685 ita
529 3645 597 3687 rem
619 3623 764 3688 instituit
785 3630 822 3685 ut
844 3646 861 3686 0
883 3623 1122 3687 commentariis
1149 3622 1311 3689 uocabula
1335 3646 1409 3690 con-

267 3724 410 3808 quireret
431 3722 472 3787 ab
496 3722 610 3786 eadem
642 3723 752 3787 littera
773 3723 983 3810 incipientia,
1017 3726 1108 3788 cuius
1136 3725 1183 3788 rei
1212 3733 1309 3788 testes
1333 3735 1410 3789 sunt
1463 3709 1467 3721 ⁸

266 3821 513 3908 locupletissimi
547 3823 677 3888 ordines
710 3824 759 3887 illi
785 3826 820 3889 in
847 3825 1009 3910 capitibus
1036 3823 1261 3911 alphabeticis.
1305 3828 1408 3911 primo

266 3935 376 3989 tamen
399 3925 504 4011 capite
533 3947 606 3989 cum
638 3925 700 3991 hoc
732 3947 797 3990 non
829 3925 960 4007 fecerit,
991 3927 1141 4012 quoniam
1163 3925 1344 3992 litterarum
1367 3949 1410 3992 011

267 4025 380 4089 ordine
408 4025 442 4089 id
471 4047 663 4112 componere
695 4050 761 4093 non
789 4029 823 4090 in
853 4031 960 4091 animo
983 4038 1068 4109 erat,
1098 4029 1241 4115 suspicio
1264 4031 1409 4094 exoritur

266 4125 486 4212 alphabeticos
519 4126 591 4192 illos
620 4129 716 4214 primi
748 4129 865 4214 capitis
896 4129 1026 4193 ordines
1056 4152 1075 4192 a
1103 4129 1264 4213 glossario
1300 4129 1408 4216 aliquo

267 4251 339 4294 0000
362 4229 550 4315 desumptos
572 4230 654 4294 satis
676 4229 808 4315 quidem
829 4232 921 4294 tenui
943 4233 1135 4316 exiguoque.
1391 4231 1393 4236 ’

349 4381 470 4447 Facilis
493 4383 535 4448 ab
557 4382 608 4446 his
632 4383 789 4448 transitus
813 4391 863 4447 est
885 4382 928 4447 ad
943 4384 1076 4448 breuem
1092 4406 1166 4448 eum
1180 4382 1329 4448 ordinem
1338 4405 1407 4470 quo

266 4483 305 4548 de
327 4483 416 4548 uitiis
440 4482 663 4570 corporalibus
692 4484 868 4569 exponitur
894 4506 967 4570 cap.
990 4485 1007 4548 I
1028 4509 1060 4569 p.
1083 4485 1124 4549 25
1153 4491 1277 4564 aalaam
1304 4507 1409 4570 usque
