3262 5196
733 366 944 431 -so-.

266 540 353 606 tibus
378 539 494 625 quibus
517 539 607 624 ipsos
629 536 759 601 illorum
781 538 974 622 scriptorum
997 535 1126 600 ordines
1155 535 1307 601 debebat.
1346 557 1410 621 qua

266 642 358 706 inre
382 641 410 705 si
432 662 558 704 mecum
581 638 737 718 senseris,
761 637 857 702 simul
874 636 1071 724 explicatum
1094 637 1231 702 habebis
1247 636 1409 723 quomodo

267 743 390 808 factum
419 744 461 806 sit
483 749 518 804 ut
547 741 581 804 in
604 739 808 804 Lucretianis
837 739 1007 805 ordinibus
1031 749 1097 804 tam
1126 761 1231 825 pauca
1259 737 1410 822 legantur

265 843 415 929 exempla
445 843 634 924 subseciua‚
664 841 753 905 haud
783 841 870 905 enim
896 842 1002 904 nescis
1033 841 1140 926 ipsum
1170 839 1314 905 Nonium
1343 861 1405 903 non

265 944 368 1010 multa
403 943 552 1031 exempla
583 943 787 1027 congessisse
816 943 878 1007 nisi
913 964 952 1006 ea
980 943 1044 1006 iam
1078 941 1215 1008 collecta
1248 942 1409 1005 inuenerit

266 1058 300 1112 et
322 1069 387 1110 una
410 1046 598 1132 composita.
643 1045 712 1108 dixi
735 1053 844 1108 autem
866 1045 947 1108 haec
969 1045 1045 1131 quia
1067 1045 1114 1109 sio
1136 1043 1266 1108 facilius
1290 1065 1406 1127 cogno·

267 1171 357 1212 scere
387 1169 559 1234 possumus
588 1168 686 1232 quam
714 1146 821 1210 tenuis
855 1145 958 1210 fuisse
992 1144 1110 1210 debeat
1140 1144 1223 1210 liber
1252 1167 1347 1231 quem
1375 1145 1407 1209 in

264 1251 423 1314 auxilium
438 1248 563 1312 Nonius
580 1247 726 1329 uocauit3
750 1249 828 1310 satis
846 1247 932 1311 enim
948 1248 1103 1332 exiguum
1125 1269 1198 1310 eum
1214 1245 1316 1310 fuisse
1332 1247 1407 1310 inde

263 1351 362 1415 etiam
385 1351 527 1414 cernitur
549 1348 636 1436 quod
659 1369 737 1434 prae
760 1348 877 1413 ceteris
901 1348 1116 1434 scriptoribus
1139 1348 1328 1412 Lucretium
1350 1371 1406 1434 po·

263 1453 440 1533 tissimum,
475 1453 566 1515 cuius
600 1459 716 1536 poetae
748 1449 909 1535 permulta
939 1450 1053 1515 crebro
1087 1449 1270 1516 adsciscere
1303 1449 1407 1534 potuit

262 1554 465 1635 testimonia,
492 1562 560 1618 tarn
582 1574 655 1616 raro
679 1553 720 1616 ad
742 1563 852 1637 partes
874 1551 1016 1616 uocauit.
1060 1552 1119 1615 sed
1142 1535 1307 1638 quaeritur
1329 1573 1405 1637 qua·

262 1655 379 1719 lisnam
402 1653 503 1718 fuerit
523 1654 622 1718 Nonii
649 1653 734 1718 fons.
780 1662 877 1739 atque
906 1652 1041 1718 difficile
1069 1653 1201 1740 quidem
1230 1675 1300 1716 esse
1323 1653 1404 1717 diiu-

263 1756 372 1820 dicatu
406 1777 479 1820 cum
507 1753 796 1819 Schottmuellerus
826 1755 948 1840 (symb.
976 1776 1007 1840 p.
1032 1753 1108 1839 828)
1145 1752 1265 1818 dixerit
1297 1763 1405 1818 utrum

262 1857 389 1921 Nonius
412 1858 482 1942 ipse
504 1855 647 1920 Lucretii
670 1855 770 1921 libros
799 1855 975 1940 perlegerit
1002 1878 1044 1920 an
1066 1856 1297 1939 commentario
1327 1878 1404 1919 usus

262 1957 321 2039 sit,
344 1957 404 2022 hoc
428 1956 560 2043 quidem
574 1966 661 2022 recte
684 1957 824 2020 sensisse
847 1957 898 2021 uir
913 1956 1027 2022 doctus
1043 1955 1174 2022 uidetur
1189 1958 1229 2020 de
1244 1957 1403 2040 glossario

261 2060 320 2122 uix
348 2058 560 2143 cogitandum
588 2080 674 2141 esse,
703 2057 737 2122 id
765 2057 851 2143 quod
879 2080 952 2122 cum
981 2056 1142 2144 pleniores
1169 2057 1404 2123 uocabulorum

261 2159 495 2246 explicationes
525 2159 593 2224 turn
621 2161 765 2245 ipsorum
799 2159 974 2224 uerborum
1004 2159 1120 2224 electio
1149 2169 1244 2223 extra
1275 2159 1403 2224 dubita-

261 2261 381 2326 tionem
403 2271 539 2346 ponunt.
578 2262 633 2347 qui
649 2263 735 2325 enim
757 2260 845 2346 apud
861 2270 989 2325 ueteres
1004 2261 1201 2344 glossemata
1217 2260 1405 2326 scribebant

260 2360 322 2427 hoc
349 2363 508 2448 imprimis
537 2362 716 2426 intendisse
748 2364 914 2443 uidentur,
951 2374 1108 2448 quantum
1136 2361 1233 2425 hodie
1260 2361 1404 2425 iudicare

260 2463 352 2546 licet,
375 2472 412 2527 ut
434 2473 557 2527 certum
572 2464 807 2529 uocabulorum
821 2485 923 2548 genus
940 2474 1153 2550 excerperent
1168 2464 1217 2548 (ut
1232 2463 1403 2548 aduerbia)

259 2564 312 2628 uel
335 2574 373 2628 ut
395 2563 556 2629 uocabula
578 2575 808 2652 componerent
835 2566 992 2651 imprimis
1016 2566 1156 2630 obscura
1178 2586 1313 2652 quorum
1335 2564 1402 2627 uim

260 2689 298 2730 ao
320 2668 484 2732 notionem
514 2665 582 2730 siue
611 2665 844 2752 etymologiam
867 2688 963 2752 quam
993 2666 1186 2732 brevissime
1207 2666 1401 2731 indicarent.

259 2769 417 2831 nerninem
447 2789 524 2830 ucro
553 2766 772 2851 glossatorum
800 2769 876 2833 noui
905 2770 961 2855 qui
994 2778 1027 2832 et
1055 2768 1096 2832 de
1126 2769 1252 2852 origine
1283 2789 1400 2831 uocum

258 2869 362 2932 fusius
391 2868 580 2932 disseruerit
609 2879 641 2932 et
670 2869 710 2933 de
737 2871 830 2934 uario
859 2870 955 2933 unius
984 2870 1136 2935 uocabuli
1162 2892 1223 2933 usu
1246 2870 1399 2933 disertius

258 2971 447 3055 exposuerit
477 2970 596 3054 (sicuti
622 2970 747 3036 Nonius
782 2993 807 3034 s
837 2994 868 3035 u.
897 2971 1045 3055 crepero)
1075 2981 1108 3036 et
1142 2971 1182 3033 de
1215 2971 1400 3035 indiscretis

258 3071 432 3134 uerborum
455 3070 627 3155 generibus
658 3071 874 3160 disputauerit
903 3081 935 3136 et
962 3071 1001 3136 de
1029 3080 1155 3136 mutata
1184 3071 1400 3136 declinatione

258 3173 362 3255 egerit
383 3194 447 3235 nno
474 3171 643 3256 glossario.
689 3193 730 3236 ex
752 3194 815 3236 uno
844 3181 951 3236 autem
978 3172 1061 3238 libro
1087 3174 1236 3238 hausisse
1258 3172 1398 3238 Nonium

256 3273 386 3336 ordines
402 3273 615 3338 Lucretianos
639 3275 710 3359 quis
731 3274 922 3356 negauerit‘?
944 3275 1007 3338 iam
1030 3275 1130 3359 igitur
1151 3276 1344 3340 adducimur
1364 3274 1398 3336 in

256 3376 340 3438 hano
363 3376 555 3438 sententiam
577 3383 614 3437 ut
642 3396 715 3438 eum
743 3375 825 3440 libro
854 3375 962 3462 aliquo
989 3399 1083 3442 usum
1114 3399 1185 3441 esse
1215 3387 1397 3442 statuamus

256 3477 347 3539 cuius
379 3476 462 3541 ratio
497 3475 687 3560 efflagitarit
713 3485 751 3540 ut
779 3480 919 3563 scriptor
946 3499 1056 3568 omnes
1090 3476 1162 3542 illas
1191 3483 1398 3564 quaestiones

254 3577 441 3663 respiceret.
490 3577 571 3663 quid
596 3579 698 3662 igitur
724 3577 926 3664 probabilius
960 3579 1110 3644 uideatur
1138 3603 1235 3667 quam
1267 3579 1310 3644 ad
1338 3580 1396 3644 hos

255 3699 382 3765 quoque
398 3678 527 3743 ordines
544 3679 796 3744 conscribendos
813 3680 1076 3745 commentarium
1099 3680 1236 3768 aliquem
1254 3682 1396 3746 Nonium

255 3777 444 3844 adhibuisse
466 3782 659 3865 praesertim
681 3803 755 3845 cum
777 3782 811 3844 in
833 3779 883 3846 his
904 3804 1031 3868 quoque
1055 3783 1119 3868 ipsi
1138 3806 1254 3848 uersus
1276 3784 1396 3870 ubique

254 3891 330 3966 apte
353 3903 424 3944 sese
439 3881 626 3967 excipiant?
649 3883 756 3969 ipsum
772 3905 850 3947 uero
865 3883 1053 3948 Lucretium
1075 3885 1102 3948 si
1122 3883 1270 3970 legisset,
1293 3886 1395 3949 multo

253 3981 348 4068 plura
363 3982 508 4067 profecto
530 3983 643 4058 debuit
660 4005 755 4050 exeo
777 3985 906 4050 adferre
927 3987 1124 4051 testimonia.
1161 3988 1247 4072 quod
1263 3987 1395 4073 quidem

253 4085 280 4148 si
304 4107 369 4147 non
390 4084 470 4148 fecit
492 4084 723 4150 commentario
746 4109 839 4168 usus,
867 4086 965 4151 facile
991 4089 1075 4151 hanc
1103 4087 1331 4152 difficultatem
1354 4110 1394 4150 ex

251 4185 353 4250 fontis
376 4186 536 4249 tenuitate
558 4186 633 4250 licet
648 4187 819 4273 expedire,
842 4211 1036 4275 quamquam
1053 4189 1213 4275 suspicari
1234 4189 1269 4252 id
1283 4188 1394 4252 malim

251 4309 349 4373 quam
371 4309 430 4372 pro
453 4295 542 4350 certo
565 4288 760 4353 contendere
782 4291 816 4352 in
839 4299 930 4354 tanta
953 4292 1103 4356 ordinum
1125 4291 1301 4377 paucitate.

336 4389 418 4451 (lum
440 4409 516 4452 uero
539 4390 721 4475 quaestioni
744 4390 849 4476 qualis
878 4392 977 4457 fuerit
1004 4392 1105 4457 fontis
1128 4393 1212 4458 ratio
1240 4395 1282 4457 ab
1306 4394 1393 4456 omni

250 4498 343 4572 parte
359 4489 511 4553 satisfieri
528 4493 657 4574 nequit,
681 4502 749 4555 tum
764 4515 804 4556 ne
821 4491 868 4556 illi
884 4494 1014 4579 quidem
1031 4516 1171 4580 quonam
1188 4495 1392 4579 potissimum
