3262 5196
732 327 937 392 ,38-

263 500 395 564 fuerint.
441 499 579 564 alterum
607 521 684 562 uero
713 500 981 565 commentarium
1008 500 1115 563 minus
1143 500 1323 587 perfectum
1351 501 1409 564 uix

264 601 459 666 crediderim
480 600 589 688 plures
613 601 742 667 fabulas
765 601 972 688 complexum
996 624 1068 666 csse
1092 624 1190 687 quam
1202 625 1286 688 quae
1308 603 1343 667 in
1365 602 1408 666 al-

264 704 342 770 teris
365 701 429 768 illis
452 703 623 768 ordinibus
646 701 770 796 adferri
793 703 910 769 solent.

349 806 410 870 His
433 806 564 892 quidem
587 806 826 870 commentariis
850 827 946 892 quem
968 805 1001 870 in
1024 807 1155 871 modum
1177 830 1255 871 usus
1279 808 1322 874 sit
1345 808 1409 872 No·

265 909 352 989 nius,
381 909 491 973 exeis
520 906 617 972 facile
645 907 847 993 intellegitur
874 931 956 994 quae
980 931 1079 995 supra
1106 908 1147 973 de
1177 910 1411 995 compositione

265 1011 398 1100 protuli.
428 1010 623 1098 peruoluens
647 1009 733 1074 enim
755 1010 885 1076 codices
908 1011 1084 1097 exscripsit
1105 1033 1187 1097 quae
1206 1012 1411 1098 potissimum

267 1124 344 1201 apta
366 1113 530 1194 censebat,
554 1110 683 1178 addidit
705 1123 814 1178 autem
836 1136 969 1178 uersum
992 1115 1033 1177 ad
1056 1135 1151 1199 quom
1180 1114 1412 1200 explicandum

267 1216 434 1280 adnotatio
457 1214 568 1300 aliqua
589 1213 679 1278 facta
695 1224 776 1296 erat,
793 1221 898 1302 neque
914 1214 1105 1302 repudiasse
1120 1215 1253 1281 uidetur
1269 1240 1307 1280 oa
1323 1217 1412 1282 testi-

267 1318 376 1382 monia
403 1340 486 1404 qnae
517 1317 589 1404 ipse
617 1324 851 1383 commentator
877 1316 1068 1404 protulerat.
1114 1319 1161 1381 sie
1194 1319 1281 1382 enim
1309 1317 1412 1405 expli.

267 1420 408 1486 candum
431 1428 481 1484 est
508 1418 595 1483 unde
610 1418 810 1512 ,testimonia
833 1419 1006 1484 subseeiua
1033 1419 1222 1506 plerumque
1251 1420 1412 1486 habuerit.

267 1545 404 1610 quorum
426 1544 623 1609 quamquam
645 1532 772 1607 partem
793 1520 900 1608 ipsum
916 1520 1059 1587 Nonium
1075 1508 1234 1586 adiecisse
1258 1523 1413 1588 credibile

268 1634 327 1708 est,
350 1625 412 1690 hoe
434 1634 544 1690 tamen
565 1647 757 1712 persuasum
780 1624 859 1688 mihi
881 1621 985 1689 habeo
1009 1647 1047 1688 ea
1070 1622 1220 1709 exempla
1243 1625 1416 1690 subseeiua

268 1752 352 1815 quae
374 1725 537 1816 primariis
560 1725 758 1791 antecedunt
780 1749 822 1790 ex
838 1725 953 1790 codem
968 1725 1159 1812 plerumque
1183 1729 1414 1792 commentario

268 1830 405 1896 fluxisse
428 1853 469 1894 ex
491 1852 556 1915 quo
580 1828 745 1912 primaria.
778 1851 878 1915 supra
893 1828 1058 1892 animiam
1082 1828 1203 1892 dictum
1227 1839 1277 1894 est
1298 1843 1413 1916 parum

271 1942 359 1998 recte
381 1932 471 1996 credi
493 1930 635 1994 Nonium
663 1952 746 2016 quae
775 1940 891 2017 postea
919 1929 1051 1994 demum
1078 1930 1257 1996 inuenisset
1283 1955 1323 1996 ca
1350 1955 1415 1997 non

198 2059 200 2062 ·
269 2043 337 2100 tam
353 2042 518 2100 extremae
534 2031 695 2096 lemmatis
713 2032 799 2117 parti
821 2031 962 2096 assuisse
978 2053 1075 2117 quam
1091 2033 1124 2096 in
1140 2033 1282 2098 medium
1298 2033 1416 2098 lemma

270 2136 454 2201 intrusisse.
498 2155 598 2218 quare
627 2155 647 2197 a
678 2156 754 2199 uero
782 2133 871 2199 haud
896 2133 1011 2220 procul
1033 2135 1183 2200 recedere
1206 2136 1300 2201 nobis
1323 2135 1413 2200 uidc-

270 2261 341 2304 mur
364 2238 391 2301 si
414 2261 452 2302 ca
474 2235 626 2323 exempla
655 2237 829 2301 subseciua
860 2258 944 2322 quae
967 2236 1130 2322 primariis
1155 2237 1353 2304 antecedunt
1374 2239 1417 2302 ab

271 2341 384 2406 eodem
408 2349 541 2405 auctore
563 2361 636 2403 esse
661 2337 862 2424 repetenda,
893 2361 999 2424 aquo
1022 2336 1103 2402 haee
1127 2340 1199 2426 ipsa
1225 2341 1260 2404 in
1286 2339 1414 2404 uniuer-

271 2466 343 2509 sum
367 2442 549 2507 statuimus.

355 2545 427 2609 Iam
456 2543 498 2608 ad
526 2565 565 2607 ca
594 2542 827 2607 transeundum
850 2550 900 2606 est
923 2542 1110 2608 testimonia
1138 2543 1311 2610 subsceiua
1334 2567 1416 2632 quae

270 2646 435 2735 primariis
458 2643 633 2711 adduntur.
664 2645 831 2731 quaeritur
854 2643 939 2708 enim
962 2644 1127 2709 undenam
1150 2646 1229 2712 haec
1252 2646 1415 2712 fluxerint.

272 2773 337 2838 qua
359 2749 394 2813 in
416 2771 450 2812 rc
477 2746 539 2811 hoc
566 2768 625 2832 pro
654 2757 743 2813 certo
771 2747 892 2812 habere
920 2746 1032 2812 licebit
1058 2759 1184 2834 partem
1213 2772 1323 2814 eorum
1352 2771 1415 2814 non

273 2851 354 2917 adeo
377 2873 513 2937 paruam
537 2872 579 2914 ex
602 2849 715 2914 eodem
738 2848 971 2914 commentario
995 2848 1143 2914 haustam
1167 2873 1249 2932 csse,
1272 2851 1307 2915 id
1330 2849 1416 2938 quod

271 2954 305 3017 in
328 2975 368 3018 ea
389 2951 593 3038 potissimum
622 2951 718 3017 cadet
745 2974 829 3037 quae
857 2973 899 3013 ex
921 2949 1002 3036 ipsis
1030 2950 1148 3016 tabulis
1177 2952 1337 3018 Plautinis
1360 2953 1416 3018 ad—

273 3059 436 3134 feruntur,
453 3053 486 3116 ni
502 3052 587 3117 forte
601 3053 659 3118 illa
674 3075 801 3139 quoque
817 3052 922 3116 eidem
938 3055 1185 3118 commentatori
1206 3055 1418 3120 attribuenda

273 3168 350 3223 sunt
372 3178 454 3242 quae
474 3155 613 3241 epoetis
637 3153 795 3220 scaenicis
812 3176 968 3240 persaepe
991 3154 1228 3219 adsciscuntur.
1260 3158 1417 3221 minorem

272 3281 351 3324 uero
375 3268 500 3345 partem
522 3256 665 3321 Nonium
687 3258 796 3342 ipsum
818 3257 959 3321 arbitror
988 3254 1166 3322 addidisse.
1206 3279 1346 3344 namque
1362 3261 1417 3344 qui

274 3361 404 3427 ordines
429 3359 502 3425 illos
525 3380 606 3444 quos
630 3380 728 3443 supra
744 3381 787 3422 ex
802 3357 904 3422 altero
927 3358 1159 3422 commentario
1183 3382 1333 3424 manasse
1348 3361 1417 3425 dixi

274 3462 557 3550 Amphitruonem,
580 3460 779 3542 Asinariam,
803 3459 1008 3525 Aululariam
1030 3460 1211 3547 complexo,
1235 3464 1416 3528 accuratius

274 3565 466 3651 inspexerit,
489 3563 515 3626 is
539 3563 638 3628 facile
661 3562 852 3629 obseruabit
867 3565 901 3626 in
917 3564 963 3627 eis
983 3585 1149 3648 perpauca
1171 3562 1320 3649 exempla
1343 3565 1417 3630 sub-

275 3669 387 3731 seciua
409 3688 480 3731 esse
502 3666 614 3732 affixa.
658 3666 744 3751 quod
767 3665 900 3750 quidem
922 3664 1084 3750 quomodo
1107 3663 1235 3728 facilius
1259 3665 1417 3752 explicari

274 3768 378 3854 possit
410 3790 506 3855 quam
538 3769 586 3831 ita
617 3777 653 3831 ut
680 3766 763 3831 alter
795 3764 850 3829 ille
886 3774 1121 3831 commentator
1152 3766 1417 3836 adnotationibus

274 3867 425 3955 exempla
440 3869 468 3932 si
483 3892 548 3934 non
564 3866 654 3932 nulla
674 3876 782 3932 tamen
805 3868 1004 3952 paucissima
1026 3865 1200 3944 addiderit,
1224 3891 1276 3932 me
1292 3869 1418 3934 nescire

275 3971 437 4035 confiteor.
461 3969 526 4033 iam
538 3969 637 4050 igitur
649 3969 676 4032 si
690 3969 826 4049 Nonius,
842 3970 936 4034 homo
950 3971 1034 4035 inter
1047 3993 1158 4036 omnes
1177 3970 1418 4054 hebetissimus,

274 4075 308 4137 in
336 4073 386 4136 his
415 4071 547 4158 quidem
580 4070 748 4136 ordinibus
783 4070 933 4157 exempla
962 4073 1031 4159 ipse
1060 4072 1170 4139 attulit
1192 4096 1295 4158 paene
1317 4074 1417 4146 nulla,

275 4173 422 4261 profecto
445 4173 541 4239 facile
564 4172 752 4258 colligemus
775 4174 912 4238 eundem
934 4174 1075 4240 Nonium
1099 4198 1139 4238 ne
1161 4174 1195 4239 in
1218 4175 1328 4241 alteris
1349 4178 1418 4262 qui-

276 4275 351 4340 dem
379 4275 548 4340 ordinibus
577 4297 657 4360 quos
687 4275 844 4362 excripsit
872 4298 890 4340 e
917 4276 1060 4362 pleniore
1088 4276 1228 4363 quodam
1258 4300 1417 4343 commen-

275 4377 359 4441 tario
382 4397 421 4440 ae
442 4375 645 4463 perfectiore,
670 4376 899 4464 exemplatam
915 4377 1018 4443 multa
1040 4380 1142 4444 fuisse
1165 4379 1338 4444 allaturum
1354 4381 1417 4444 nisi

274 4501 429 4564 magnam
457 4488 583 4564 partem
614 4479 646 4543 in
675 4479 746 4566 ipso
775 4479 865 4545 fonte
894 4481 957 4545 iarn
986 4480 1177 4547 inuenisset.
1223 4503 1417 4569 quamquam
