3262 5196
672 367 882 431 alo-

204 533 295 597 illum
324 534 546 619 exemplorum
576 557 594 597 6
622 506 789 600 Cicerdnis
821 546 947 600 oratore
976 545 1008 600 61
1036 535 1077 600 de
1106 547 1233 603 oratore
1256 536 1348 602 libris

204 634 326 717 (lemur.
359 635 544 718 294-301)
580 636 824 722 desumptorum
858 638 899 702 ab
929 639 1024 702 serie*
1045 661 1127 724 quae
1155 640 1349 703 testimoniis

204 760 220 799 c
244 736 409 800 Ciceronis
438 737 645 802 Academicis
674 748 707 802 et
735 739 1013 825 disputationibus
1037 739 1231 804 Tusculanis
1259 763 1348 826 repe·

203 839 273 902 titis
301 839 445 903 efficitur
475 859 538 902 non
567 859 638 903 esse
667 841 913 924 seiungendum.
959 839 1157 905 intellectum
1187 853 1237 908 est
1264 843 1355 907 enim'

204 941 268 1003 iam
291 963 391 1027 supra
413 939 561 1026 exempla
584 963 601 1004 e
623 940 783 1005 Varronis
806 941 870 1005 illis
894 941 986 1006 libris
1010 943 1050 1007 de
1066 965 1101 1006 re
1117 944 1238 1008 rustica
1261 944 1349 1008 etde

202 1043 273 1105 uita
295 1041 406 1127 populi
428 1041 568 1105 Romani
591 1041 638 1106 ibi
660 1041 851 1128 plerumque
874 1065 945 1106 esse
968 1045 1112 1130 ascripta
1133 1045 1190 1109 ubi
1211 1067 1347 1108 commo-

204 1142 338 1206 dissime
353 1143 475 1208 licebat
490 1165 548 1229 per
563 1143 660 1229 spatii
677 1144 964 1230 opportunitatem.
1003 1146 1118 1209 seriem
1134 1157 1242 1210 autem
1257 1145 1347 1210 illam

203 1245 378 1308 uerborum
406 1267 447 1308 ex
476 1242 659 1308 litterarum
690 1245 803 1309 ordine
831 1244 1066 1330 dispositorum
1095 1269 1159 1311 non
1187 1269 1259 1311 esse
1286 1247 1347 1310 nisi

201 1355 358 1430 tanquam
386 1345 616 1431 praenuntiam
644 1344 841 1431 alphabetici
871 1345 957 1411 illius
987 1349 1111 1412 ordinis
1139 1348 1172 1412 in
1202 1359 1348 1414 extrema

202 1449 319 1532 capitis
342 1457 436 1533 parte
459 1448 557 1533 positi
586 1446 683 1512 l'acile
712 1469 880 1531 agnosces.
926 1449 1052 1514 accedit
1074 1459 1182 1512 autern
1205 1449 1291 1535 quod
1314 1442 1348 1512 in

201 1551 319 1612 ceteris
342 1547 504 1636 capitibus
533 1571 630 1636 saepe
660 1545 845 1612 testimonia
873 1571 889 1611 c
918 1558 1072 1635 quattuor
1094 1548 1157 1614 illis
1182 1548 1347 1614 Ciceronis

201 1651 331 1735 scriptis
357 1650 464 1732 (orat,
488 1651 528 1714 dc
551 1660 645 1731 orat,
669 1647 837 1729 Acadcm,
861 1650 1011 1726 Tusculi
1035 1674 1099 1715 uno
1122 1651 1235 1714 ordine
1250 1650 1348 1714 habe-

203 1735 274 1816 mus
297 1751 493 1816 consociata.
538 1752 584 1815 sic
609 1752 642 1814 in
665 1750 766 1814 altero
790 1750 897 1836 capite
920 1774 952 1837 p.
977 1752 1048 1832 122,
1075 1753 1111 1816 l'l
1136 1775 1183 1838 sq.
1207 1753 1283 1816 inde
1307 1754 1348 1816 ab

201 1859 406 1916 incuruiscere
432 1874 535 1938 usque
558 1852 601 1915 ad
623 1858 855 1930 torpeoeruretur
883 1875 966 1915 unus
990 1852 1070 1918 ordo
1094 1853 1236 1917 efficitur
1257 1855 1348 1917 testi-

202 1954 318 2016 moniis
342 1976 359 2016 e
382 1953 548 2017 Ciceronis
572 1951 613 2023 de
635 1963 762 2017 oratore
784 1953 868 2018 libro
891 1952 961 2033 ΙΙΙ,
985 1953 1182 2018 Tusculanis
1205 1955 1348 2040 disputa-

205 2055 356 2136 tionibus,
380 2054 587 2118 Academicis
611 2053 750 2144 deqique
773 2054 909 2118 haustis.
948 2077 980 2140 p.
1007 2055 1065 2118 142
1089 2078 1136 2142 sq.
1160 2058 1202 2121 ab
1232 2062 1348 2132 166661-

205 2163 353 2233 loqueutiu
376 2177 482 2242 usque
505 2154 547 2218 ad
574 2161 774 2219 mulierositas
797 2153 964 2219 Ciceronis
995 2166 1120 2238 orator,
1149 2159 1190 2220 de
1219 2167 1348 2220 oratore

205 2255 297 2338 libri,
323 2255 581 2321 Tusculanorum
611 2254 695 2320 liber
717 2255 767 2319 IV
789 2279 854 2320 uno
878 2257 991 2320 ordine
1013 2257 1216 2320 adferuntur.
1263 2260 1347 2321 simi-

204 2359 278 2422 liter
300 2369 407 2422 autem
431 2360 463 2421 in
487 2358 601 2423 ordine
629 2356 684 2421 illo
715 2356 938 2443 exemplorum
962 2358 1255 2437 Ciceronianorum¹
1272 2359 1349 2421 inde

204 2482 223 2522 6
245 2483 277 2545 p.
305 2461 372 2536 tot),
398 2462 417 2522 s
438 2465 636 2538 petulantiam
652 2498 693 2504 -
706 2464 837 2544 prototo
858 2463 985 2534 difficile
1007 2458 1145 2545 aliaque.
1248 2440 1256 2452 ⁸

288 2559 394 2646 Supra
421 2561 485 2624 iam
514 2562 720 2624 narrauimus
749 2561 897 2623 Riesium
925 2561 1005 2624 satis
1033 2570 1127 2624 acute
1155 2560 1348 2625 obseruassc

203 2664 303 2726 series
327 2661 550 2748 exemplorum
573 2664 711 2749 quaein
735 2660 837 2725 altera
859 2661 953 2747 primi
982 2661 1099 2746 capitis
1123 2673 1215 2748 parte
1238 2661 1347 2746 legun-

202 2775 264 2843 tur,
289 2764 400 2827 eodem
425 2764 538 2829 ordine
560 2765 593 2826 in
621 2763 759 2848 singulis
789 2763 904 2848 capitis
934 2763 1068 2826 secundi
1090 2762 1207 2826 litteris
1232 2764 1348 2826 redire.

202 2865 339 2928 dilatare
362 2875 471 2929 autem
495 2864 571 2928 licet
594 2863 679 2928 hanc
702 2864 965 2929 obseruationem
989 2865 1036 2927 ita
1058 2873 1095 2927 ut
1110 2886 1220 2928 omnes
1244 2887 1348 2950 paene

203 2968 297 3052 primi
321 2966 437 3052 capitis
462 2965 562 3029 series
587 2965 809 3051 exemplorum
837 2967 869 3029 in
899 2966 1014 3030 ceteris
1043 2965 1206 3052 capitibus
1235 2965 1347 3030 eodem

202 3068 315 3132 ordine
338 3090 410 3132 sese
433 3069 584 3154 excipere
607 3067 753 3130 dicamus
778 3067 891 3153 paucis
915 3089 934 3130 6
955 3066 1052 3132 661116
1068 3089 1157 3132 16616
1173 3067 1347 3131 abhorren-

203 3170 304 3233 tibus.
348 3191 412 3253 qua
440 3169 474 3232 in
502 3191 537 3232 re
560 3191 618 3254 per
641 3189 676 3232 se
698 3168 900 3253 intellegitur
922 3170 1053 3233 ordines
1076 3167 1148 3232 illos
1173 3169 1348 3232 uerborum

203 3281 237 3335 et
258 3259 488 3336 aduerbiorum
510 3270 543 3332 in
566 3269 667 3334 611616
690 3279 817 3334 tanturn
839 3271 946 3354 capite
968 3269 1073 3333 locum
1096 3271 1158 3334 sibi
1181 3270 1349 3333 uindicare

204 3375 359 3457 potuisse,
384 3371 531 3437 ordinem
555 3380 665 3435 autem
688 3371 777 3435 illum
802 3372 976 3435 uerborum
1000 3371 1080 3435 uitia
1096 3370 1279 3457 corporalia
1294 3395 1348 3436 no-

203 3474 339 3537 tantiam
363 3495 523 3558 nusquam
545 3472 663 3537 redire.
708 3495 812 3558 neque
840 3473 908 3536 ulla
935 3473 1111 3536 uerborum
1139 3473 1237 3537 series
1267 3472 1348 3536 litte-

203 3597 314 3638 rarum
337 3574 444 3639 ordini
473 3575 717 3639 accommodata
744 3577 778 3638 in
806 3574 922 3637 ceteris
951 3574 1113 3658 capitibus
1136 3576 1298 3659 reperitur
1321 3575 1350 3637 si

203 3678 369 3762 exceperis
393 3677 498 3759 capita
521 3675 567 3757 II,
591 3676 655 3756 III,
678 3675 728 3740 IV
751 3683 920 3762 quae-tcta
936 3673 1115 3737 secundum
1130 3674 1256 3737 litteras
1272 3697 1347 3738 con·

203 3779 327 3864 scripta
349 3785 435 3841 sunt.
486 3777 595 3863 Atque
622 3799 664 3840 ne
691 3777 753 3841 hcc
781 3776 912 3862 quidem
940 3787 1014 3861 eget
1042 3777 1350 3841 commemoratione

201 3890 327 3945 ceteros
351 3879 481 3944 ordines
503 3901 568 3943 nou
591 3901 703 3943 omnes
726 3879 760 3942 in
783 3901 978 3965 unoquoque
1001 3880 1108 3964 capite
1137 3878 1276 3942 inueniri
1293 3877 1349 3941 sed

201 3983 309 4067 potius
332 3982 419 4045 hunc
440 3980 493 4044 uel
521 3980 613 4044 illum
641 4002 867 4067 nonnusquam
896 3981 1011 4046 abesse
1039 4003 1078 4044 ac
1106 4002 1218 4044 rursus
1242 3980 1276 4042 in
1298 4001 1349 4043 ca-

202 4083 326 4168 pitibus
356 4082 591 4168 posterioribus
620 4082 750 4147 ordines
786 4094 899 4147 extare
930 4104 1010 4169 quos
1039 4083 1072 4146 in
1105 4083 1210 4167 primo
1244 4083 1350 4167 capite

203 4185 325 4248 frustra
347 4185 558 4270 quaesiueris
598 4183 669 4248 dico
693 4195 802 4249 autem
816 4183 1091 4250 Sallustianorum
1102 4182 1231 4247 ordines
1244 4206 1349 4248 exem·

202 4284 329 4371 plorum
343 4285 399 4368 (cf.
413 4285 545 4349 alterius
559 4287 675 4372 capitis
688 4286 813 4350 litteras
830 4286 866 4349 M
882 4297 914 4351 et
929 4286 971 4366 V,
996 4285 1113 4349 deiude
1130 4288 1239 4370 capita
1254 4284 1349 4365 VIII,

204 4385 307 4466 Xlll,
335 4386 435 4469 XIV,
465 4386 605 4472 XVIII)
636 4397 668 4451 et
697 4389 883 4453 testimonio
910 4411 927 4451 e
956 4387 1123 4451 Ciceronis
1160 4386 1201 4449 de
1230 4386 1350 4450 finibus

203 4488 296 4552 libris
320 4491 423 4573 petita
450 4511 534 4574 quae
562 4491 595 4552 iu
624 4489 772 4574 plurimis
801 4489 935 4552 alterius
967 4490 1084 4573 capitis
1116 4489 1233 4553 litteris
1263 4497 1294 4550 et
1318 4489 1350 4551 iu
