3262 5196
678 352 883 416 -39-

209 524 321 606 negari
355 522 485 587 omnino
505 504 635 608 ’nequit
670 544 735 587 non
767 521 858 588 nulla
885 524 994 609 ipsum
1022 525 1176 592 assuisse.
1219 539 1357 613 apparet

210 625 296 689 enim
318 623 502 688 luculenter
524 648 566 689 ex
588 630 804 704 halophantam
827 624 978 691 lemmate
1000 649 1032 712 p.
1052 627 1122 708 120,
1140 630 1169 692 8.
1200 629 1257 694 ubi
1272 629 1355 693 Mer-

210 729 315 792 eerius
338 749 410 790 eum
434 727 535 791 uerba
557 731 774 806 halophantam
801 733 974 794 mendacem
996 735 1068 794 aoht
1093 730 1182 816 apud
1212 729 1357 795 Gellium

211 829 266 912 (N.
289 830 331 893 A.
356 828 452 911 VIII,
479 829 532 913 10)
562 839 674 895 extare
696 830 852 912 uidisset,
881 833 991 896 statim
1015 841 1117 896 totum
1140 832 1258 896 lemma
1281 833 1356 898 Gel-

209 932 332 995 lianum
360 953 432 995 esse
460 930 600 1015 collegit.
645 931 732 1017 qued
760 953 957 1020 quamquam
984 935 1090 998 minus
1119 944 1206 999 reete
1230 935 1280 998 uir
1301 934 1357 1000 ille

209 1033 324 1100 doctus
347 1032 525 1098 coniecisse
548 1033 628 1098 mihi
650 1033 793 1117 uidetur,
816 1035 878 1100 hoe
901 1046 1011 1102 tamen
1034 1045 1160 1103 constat
1176 1046 1357 1102 extremum

209 1136 293 1201 illud
315 1135 537 1200 testimonium
565 1159 585 1200 a
608 1136 715 1202 Gellio
746 1138 924 1225 sumpsisse
947 1139 1089 1206 Nonium
1120 1139 1211 1203 euius
1234 1139 1281 1203 rei
1304 1138 1357 1205 vel

210 1237 291 1303 illud
319 1249 348 1301 et
374 1244 452 1302 alias
480 1243 640 1303 nobilitatis
668 1245 812 1305 obscurae
840 1261 898 1304 nos
928 1249 1047 1306 monet.
1091 1240 1251 1326 reliquam
1278 1263 1357 1306 uero

210 1340 339 1426 glossae
361 1349 488 1426 partem
511 1343 760 1406 commentatori
783 1342 992 1408 tribuendam
1015 1365 1088 1407 esse
1104 1367 1146 1408 ex
1168 1343 1240 1429 ipso
1263 1342 1357 1408 fabu-

210 1443 315 1507 larum
350 1441 462 1506 ordine
490 1441 697 1529 alphabetico
728 1444 854 1528 (Aulul.
891 1443 1038 1531 Cureul.)
1070 1456 1167 1510 etex
1195 1444 1266 1510 loce
1295 1467 1357 1530 quo

211 1544 320 1608 breuis
349 1543 404 1608 ille
433 1544 512 1610 ordo
538 1545 663 1631 positus
693 1556 743 1612 est
771 1547 981 1615 manifestum
1013 1547 1060 1613 fit.
1105 1556 1242 1634 utraque
1271 1547 1358 1611 enim
1442 1627 1443 1630 Ἴ

211 1669 262 1711 res
285 1647 380 1712 nobis
403 1647 580 1734 persuadet
603 1670 637 1712 re
659 1670 738 1712 uera
760 1647 815 1714 illo
838 1647 908 1713 loeo
935 1649 1057 1714 iustum
1087 1650 1232 1714 ordinem
1261 1649 1356 1714 Plau·

213 1749 357 1814 tinorum
379 1749 603 1836 exemplorum
626 1760 749 1816 extare.

295 1850 398 1936 Atqui
422 1875 495 1916 eum
519 1852 617 1916 semel
640 1853 889 1939 cognouerimus
914 1853 1098 1938 exemplum
1114 1852 1195 1917 illud
1218 1851 1358 1917 eGellio

216 1963 375 2041 sumptum
388 1963 502 2038 postea
517 1954 661 2020 lemmati
678 1957 785 2042 ipsum
798 1955 940 2018 Nonium
958 1954 1135 2037 addidisse,
1150 1953 1215 2018 alia
1231 1975 1359 2040 quoque

216 2055 360 2142 exempla
369 2055 528 2122 credibile
540 2058 576 2122 lit
588 2079 661 2122 eum
674 2057 832 2122 adiecisse
842 2058 949 2144 ipsum
963 2067 996 2121 et
1006 2055 1218 2143 probabiliter
1227 2054 1359 2142 quidem

215 2156 501 2224 Sehottmuellerus
525 2182 635 2226 eorum
659 2161 853 2247 scriptorum
877 2159 1064 2225 testimonia
1086 2159 1201 2223 statuit
1218 2180 1237 2221 a
1252 2157 1359 2222 Nonio

212 2259 282 2345 ipso
305 2269 433 2324 asserta
455 2283 527 2324 esse
550 2284 630 2348 quos
654 2261 726 2327 aliis
750 2261 828 2326 loeis
844 2284 903 2348 per
918 2261 1047 2327 ordines
1072 2260 1257 2326 describere
1277 2259 1358 2326 sole·

211 2363 280 2428 bat.
325 2363 379 2427 oui
402 2363 554 2449 equidem
577 2365 757 2430 sententiae
785 2387 822 2429 eo
851 2364 955 2448 magis
978 2361 1162 2448 adstipulor
1190 2361 1279 2447 quod
1301 2385 1360 2446 per

211 2475 321 2530 cetera
347 2487 475 2552 quoque
505 2467 613 2553 oapita
640 2468 778 2531 eandem
805 2464 911 2550 legem
940 2487 1037 2551 quarn
1067 2462 1358 2530 Schottmuellorus

212 2589 243 2651 p.
267 2566 328 2632 827
352 2589 401 2653 sq.
433 2568 473 2633 de
496 2569 719 2656 exemplorum
743 2568 991 2633 subseeiuorum
1015 2566 1245 2632 distributione
1272 2565 1358 2647 tulit,

213 2681 378 2734 seruatam
393 2693 465 2735 esse
480 2670 638 2738 intellexi.
662 2681 699 2735 ut
722 2670 808 2734 enim
830 2671 863 2734 in
885 2671 990 2757 prime
1008 2669 1234 2734 Plautinorum
1250 2691 1356 2732 exem-

213 2770 340 2858 plorum
363 2773 476 2838 ordine
500 2773 674 2838 subseoiua
697 2774 885 2840 testimonia
908 2772 1021 2838 eodem
1045 2771 1158 2835 ordine
1174 2793 1245 2835 sese
1261 2792 1360 2857 saepe

213 2874 466 2960 excipiuntque
489 2873 569 2940 alias
592 2876 683 2962 ipsae
706 2875 882 2940 eorundem
905 2875 1163 2941 testimoniorum
1186 2874 1296 2954 series,
1313 2873 1360 2936 sie

213 2976 310 3039 etiam
333 2977 366 3041 in
389 2977 505 3042 ceteris
529 2978 699 3043 ordinibus
722 2977 893 3042 Plautinis.
939 2978 1031 3042 ouius
1054 2977 1103 3040 roi
1131 2976 1211 3039 haee
1234 2973 1360 3070 suffieit

214 3078 363 3144 attulisse
386 3080 546 3166 exempla.
591 3082 624 3145 in
648 3080 760 3145 ordine
777 3079 853 3146 inde
876 3105 896 3146 a
918 3105 948 3164 p.
977 3080 1047 3162 102,
1071 3079 1091 3144 6
1113 3089 1280 3143 exaaraara
1295 3076 1358 3142 Lu-

214 3180 310 3246 cilius
339 3193 414 3248 ante
436 3184 618 3248 Varronem
646 3184 831 3249 nominatur
858 3194 894 3248 ut
922 3183 1025 3269 prImo
1055 3182 1161 3266 eapite
1190 3178 1360 3244 Lueiliana

215 3285 415 3370 praecedunt
444 3286 667 3352 Varronianis.
713 3285 789 3350 item
819 3286 852 3349 in
880 3285 993 3350 ordine
1021 3283 1097 3348 inde
1125 3305 1197 3367 ap.
1220 3279 1294 3361 453,
1318 3279 1359 3344 23

215 3397 342 3452 rosham
355 3387 408 3473 18),
436 3411 468 3473 p.
497 3389 560 3454 484
588 3395 712 3470 sarmati,
742 3412 774 3475 p.
797 3389 860 3453 539
887 3394 969 3469 rimo,
1000 3409 1031 3472 p.
1055 3385 1136 3467 483,
1166 3385 1184 3448 7
1208 3391 1360 3446 harenaceae

215 3491 327 3556 Attius
351 3500 427 3580 apte
448 3501 524 3557 ante
547 3491 729 3557 Varronem
753 3493 845 3556 testis
868 3489 1054 3554 adhibetur.
1093 3511 1125 3572 p.
1148 3486 1211 3550 422
1235 3489 1359 3549 horren-

216 3599 285 3656 dam
308 3616 366 3657 sex
389 3595 541 3681 exempla
557 3595 731 3660 subseciua
752 3615 885 3678 prorsus
909 3591 1022 3656 eodem
1046 3588 1160 3654 ordine
1180 3587 1361 3652 distributa

217 3704 380 3780 suntque
403 3696 436 3760 in
459 3698 563 3783 primo
586 3699 692 3784 eapite
715 3697 806 3784 ipsae
830 3695 946 3760 series:

715 3800 825 3865 Attius
849 3797 978 3863 Medea.

717 3901 864 3968 Lucilius
886 3899 944 3966 lib.
967 3896 1061 3963 XVI.

715 4005 762 4070 M.
785 4004 913 4070 Tullius
937 4001 978 4066 de
1000 4023 1067 4086 rep.
1090 3997 1148 4063 lib.
1171 3996 1198 4061 Ι.

717 4107 803 4172 idem
827 4107 868 4172 de
891 4127 960 4191 rep.
982 4103 1041 4170 lib.
1065 4100 1124 4165 IV.

717 4210 823 4276 Varro
848 4208 943 4294 epist.
968 4205 1009 4270 ad
1033 4205 1218 4268 Caesarem.

719 4313 856 4378 Sisenna
877 4309 953 4374 hist.
977 4307 1034 4372 lib.
1059 4304 1119 4369 IV.

280 4457 502 4524 taquamquam
522 4455 649 4506 dubitare
668 4455 735 4504 lieet
753 4467 816 4502 num
835 4449 887 4500 hoe
905 4448 1005 4498 lemma
1024 4445 1058 4495 ad
1076 4442 1199 4494 ordinem
1213 4440 1360 4507 pertineat.

220 4543 262 4593 Cf.
283 4559 308 4608 1¹·
327 4545 368 4594 37.
