3262 5196
693 392 904 456 ...GT-.-

733 562 904 626 Lucretius
927 561 984 626 lib.
1008 560 1068 626 VI.

731 664 817 728 idem
840 663 897 728 lib.
921 663 962 728 V.

732 765 893 830 Pacuuius
917 766 1024 830 Medo.

730 869 844 931 ,Attius
867 867 1015 934 Bacchis.

730 967 876 1032 Lucilius
901 969 969 1034 Sat.
993 968 1050 1035 lib.
1074 970 1137 1034 XI.

411 1069 459 1134 15.
484 1090 517 1132 es
732 1069 878 1134 Lucilius
903 1071 971 1135 Sat.
995 1071 1051 1136 lib.
1076 1071 1241 1137 XXVIII.

730 1176 911 1250 Pomponius
932 1178 1051 1238 Muccis
1070 1180 1205 1252 pominis.

409 1274 457 1337 16.
481 1273 627 1358 arnplant
733 1272 896 1337 Pacuuius
920 1274 1057 1340 Teucro.

407 1375 456 1438 17.
481 1374 614 1459 aperibo
733 1380 915 1455 Pomponius
945 1381 1149 1463 pernionibus.

341 1523 347 1540 .
406 1476 458 1540 27.
482 1476 616 1561 operibo
733 1481 913 1556 Pomponius
935 1482 1097 1554 Praesecio
1119 1501 1243 1545 morum.

404 1577 456 1642 28.
479 1577 601 1663 paribit
731 1583 910 1659 Pomponius
932 1583 1096 1655 Praefecto
1118 1601 1242 1646 moram.

404 1679 456 1742 29.
480 1680 697 1764 peruenibunt
734 1684 914 1760 Pomponius
937 1685 1071 1761 minucie
1094 1687 1253 1760 Gorponio.

405 1781 457 1845 30.
480 1781 614 1845 reddibo
733 1779 869 1846 Plautus
893 1781 1075 1848 Vidularia.

405 1884 456 1946 31.
479 1881 676 1968 reperibitur
734 1887 911 1963 Pomponius
934 1893 1030 1950 Annio
1047 1895 1223 1966 posteriore.

730 1983 865 2049 Plautus
888 1985 1037 2072 Epidico.

730 2086 893 2152 Caecilius
916 2087 1120 2154 Obolostate.

707 2345 804 2424 Caput
825 2347 878 2408 XI.

223 2484 256 2548 p.
278 2463 351 2526 516.

251 2562 368 2628 lemma
389 2563 441 2627 57.
465 2563 602 2628 torbiter
733 2569 912 2642 Pomponius
935 2569 1111 2629 Auctorem.

391 2664 440 2729 58.
464 2665 589 2750 puriter
733 2671 914 2745 Pomponius
957 2670 1105 2744 Aruspice
1148 2674 1197 2731 uel
1246 2681 1368 2747 pectore

772 2773 897 2831 rustico.

731 2867 856 2932 Nouius
880 2867 1016 2952 Virgine
1039 2881 1250 2954 praegnante.

393 2970 719 3036 59.reuereounditor
735 2976 913 3050 Pomponius
936 2975 1043 3034 Macco
1066 2977 1194 3049 uispine.

309 3191 400 3257 Haec
417 3191 525 3257 omnia
541 3193 582 3256 ab
601 3213 638 3256 eo
652 3191 791 3256 Nonium
811 3201 993 3256 mutuatum
1016 3213 1087 3256 osse
1100 3192 1157 3277 qui
1172 3192 1367 3279 Pomponia-

225 3316 284 3358 uus
308 3295 449 3358 maxime
477 3292 606 3358 fabulas
630 3293 780 3358 tractarit
806 3296 865 3358 nix
889 3293 1072 3377 negaueris.
1118 3294 1191 3379 quis
1214 3316 1292 3358 uero
1315 3294 1370 3359 ille

224 3397 324 3460 inierit
341 3396 505 3480 glossator
521 3417 562 3460 an
578 3403 813 3460 commentator
830 3395 1003 3460 decernere
1019 3416 1156 3480 nequeo.
1185 3396 1368 3482 quicunque
1483 3395 1485 3402 '

224 3508 333 3561 autem
354 3497 425 3578 fuit,
449 3499 510 3562 hoc
532 3508 681 3562 constare
703 3497 836 3561 uidetur
858 3495 1075 3561 eruditionem
1095 3497 1165 3560 eius
1181 3520 1310 3561 rursum
1326 3500 1369 3562 ad

224 3601 386 3686 principes
415 3602 644 3684 grammaticos
672 3599 822 3676 rediisse,
851 3597 883 3660 id
913 3598 998 3682 quod
1031 3595 1213 3662 luculenter
1241 3621 1259 3662 e
1288 3598 1367 3663 loeis

224 3701 311 3768 infra
333 3702 483 3787 ascriptis
506 3711 652 3788 apparot.
1193 3691 1197 3698 ’

227 3923 310 3986 Non.
335 3946 365 4008 p.
390 3923 437 3987 18.
476 3927 633 3986 nebulones
655 3932 683 3984 ei
705 3925 889 3985 tenebriones
912 3928 985 3986 dicii
1006 3935 1072 3985 smu
1095 3928 1146 4000 pici
1160 3929 1324 3987 mendaciis
1342 3936 1371 3987 et

353 4030 470 4087 astutiis
497 4031 558 4088 suis
586 4027 722 4087 nebulam
751 4030 904 4100 quandum
932 4036 961 4087 ei
987 4027 1125 4088 concinnas
1159 4028 1289 4088 obiciunt
1317 4038 1372 4089 nui

353 4130 459 4204 ouibus
481 4130 524 4187 uei
546 4127 656 4201 sapam
677 4127 820 4201 supitiuis
842 4138 869 4186 et
888 4128 975 4200 furia
997 4129 1073 4187 nnec
1096 4135 1183 4187 cinni
1205 4146 1368 4189 accommo-

360 4231 434 4289 acono
457 4238 484 4288 ei
506 4232 602 4290 milia.

227 4328 313 4392 Fosi.
339 4350 369 4413 p.
396 4327 465 4392 165.
510 4331 615 4390 nebrcio
648 4334 743 4391 uiciens
776 4339 833 4409 esi,
863 4339 894 4391 ui
921 4335 964 4391 aii
986 4334 1087 4392 siclinis
1110 4332 1201 4402 Stilo,
1232 4335 1284 4404 nni
1310 4349 1369 4391 uon

352 4435 451 4508 pluris
483 4440 525 4492 esi
556 4449 644 4506 quum
678 4434 785 4492 ueimla
820 4443 871 4493 unet
902 4451 991 4508 quam
1020 4449 1078 4492 nore
1109 4432 1206 4504 facile
1235 4436 1373 4508 perspici

353 4537 447 4608 possit
469 4536 566 4607 paulis
588 4537 635 4594 sit.

1066 4691 1072 4698 .
1127 4637 1168 4694 5*
