3260 5212
671 360 904 424 -131-

217 528 301 594 Non.
324 551 356 614 p.
378 528 429 609 82,
452 527 504 593 22.
547 534 749 594 conitudinern
767 551 829 610 pro
850 537 959 594 canitie
981 553 1009 594 e.
1031 553 1063 617 q.
1086 553 1114 596 s.

216 628 309 693 Paul.
332 651 364 715 p.
387 629 439 694 62.
481 635 685 695 conitudinenr
703 652 763 711 pra
784 637 895 694 canitie
917 654 944 695 e.
968 654 1000 718 q.
1022 655 1049 696 s.

216 831 302 896 Non.
325 855 358 917 p.
384 832 453 912 135,
476 833 528 898 21.
572 840 686 912 ruimus,
710 839 806 910 inopis
827 839 935 898 mirum
957 856 983 897 0.
1007 857 1037 912 q.
1062 857 1089 898 s.

217 932 310 997 Paul.
334 956 365 1018 p.
391 934 461 997 123.
505 941 611 998 mirior
633 939 771 1000 dicebaut
791 942 1028 1014 comparatiuurn
1050 957 1070 996 u
1092 943 1178 1001 miro.
1272 985 1276 994 .

216 1135 302 1199 Non.
325 1156 357 1221 p.
389 1136 464 1218 140,
498 1137 529 1199 2.
574 1143 744 1202 Maeander
771 1149 827 1216 est¹
837 1146 979 1216 picturae
1003 1160 1099 1216 penus
1126 1146 1252 1205 assimili
1271 1161 1361 1220 apere

341 1240 580 1317 labyrinthorum
601 1250 707 1316 ortum,
729 1246 895 1309 cluniculis,
909 1246 1074 1318 inlipatum.
1099 1263 1127 1304 e.
1151 1264 1183 1327 q.
1206 1264 1232 1305 s.

216 1337 308 1402 Paul.
332 1360 363 1424 p.
389 1338 458 1403 136.
504 1344 706 1404 Maeandrum
726 1362 821 1418 penus
840 1348 979 1420 picturae
1000 1353 1052 1405 est.
1075 1364 1102 1406 e.
1126 1365 1157 1428 q.
1182 1365 1207 1406 s.

216 1506 300 1605 Non.
323 1563 356 1626 p.
382 1541 451 1622 176,
473 1541 526 1605 20.
569 1548 755 1622 saperdae
776 1551 886 1622 attasi
905 1551 1096 1623 sapientes
1117 1553 1178 1608 uel
1203 1552 1360 1624 elepan-

342 1654 405 1706 tes.
457 1648 579 1706 Varro
607 1650 750 1711 Madia:
782 1651 917 1710 ‘amites
949 1651 1118 1710 uidemur
1146 1653 1252 1710 nobis
1279 1668 1361 1710 esse

342 1748 446 1816 belli,
467 1748 620 1823 festiui,
644 1751 834 1826 saperdae
855 1768 933 1812 atem
953 1755 1065 1812 simus
1086 1750 1269 1832 anapol’

217 1845 303 1908 Fest.
326 1867 358 1930 p.
373 1845 447 1910 325.
476 1852 610 1926 saperda
623 1868 719 1924 penus
737 1854 859 1926 pessimi
876 1855 976 1926 piscis.
1012 1853 1228 1928 Sapientem
1251 1854 1360 1913 etiarn

341 1951 549 2026 siynifieot
568 1969 648 2012 eum
665 1955 720 2012 ait
739 1954 874 2013 Varro:
897 1954 1083 2014 ‘uidemur
1105 1955 1360 2029 nobissaper-

343 2053 412 2112 doe
432 2069 511 2113 aunt
533 2055 647 2114 simus
670 2053 844 2131 oanaotr

215 2250 301 2315 Non.
322 2274 356 2338 p.
380 2251 449 2328 180,
473 2251 503 2315 8.
548 2258 680 2338 tippula,
709 2259 824 2316 animal
849 2259 1044 2338 leuissimum,
1072 2259 1152 2332 quod
1177 2273 1273 2332 opttus
1300 2275 1359 2318 nan

342 2358 458 2432 nanda,
482 2359 537 2417 sed
560 2358 732 2432 prodiendo
755 2364 897 2419 transeat.
949 2363 1050 2420 Varro
1072 2362 1217 2421 Bimarco
1239 2378 1267 2420 e.
1284 2378 1316 2441 q.
1332 2378 1358 2419 s.

342 2459 519 2520 Plautus:
542 2459 681 2519 ‘leuior
702 2476 739 2518 es
762 2477 867 2534 quarn
889 2463 1061 2536 tippula?

215 2554 307 2619 Paul.
331 2578 362 2642 p.
385 2557 459 2620 366.
503 2564 634 2637 tippula,
662 2561 799 2622 bestiolae
823 2581 919 2637 penus
939 2580 995 2622 sex
1012 2565 1106 2638 pedes
1133 2563 1283 2638 babeatis,
1307 2565 1362 2622 sed

342 2669 446 2722 tantae
475 2663 606 2722 leuitatis
638 2667 672 2721 ut
705 2680 796 2737 super
828 2680 938 2738 aquom
973 2682 1100 2725 currens
1136 2681 1195 2726 non
1232 2666 1358 2725 desidat.

341 2764 524 2824 Plautus:
569 2764 703 2837 ‘neque
738 2766 911 2840 tippulae
950 2767 1073 2824 leuius
1103 2767 1253 2841 pondus
1288 2771 1358 2824 est’

344 2885 372 2925 e.
395 2883 427 2947 q.
446 2883 477 2940 s.

299 3066 370 3129 Iam
399 3087 473 3130 cum
501 3064 601 3129 semel
629 3064 671 3128 ad
700 3065 903 3129 Varroniano
930 3066 1079 3152 exempla
1110 3088 1286 3152 progressa
1315 3065 1358 3131 sit

215 3167 403 3251 disputantia,
427 3166 591 3253 paulisper
613 3166 646 3228 in
669 3166 716 3230 eis
738 3166 949 3230 immoremur
970 3167 1116 3231 addituri
1137 3189 1242 3253 pauca
1257 3167 1297 3231 de
1312 3168 1359 3231 eis

216 3255 376 3332 1001100111
401 3290 483 3354 quae
505 3291 522 3331 0
545 3268 638 3332 libris
661 3267 702 3331 de
724 3269 794 3332 uita
816 3265 928 3353 populi
943 3268 1092 3351 Romani,
1115 3268 1155 3332 de
1176 3270 1358 3349 romaica,

215 3368 297 3434 Cato
320 3367 513 3455 deprompta
536 3378 621 3433 sunt.
666 3391 763 3453 saepe
783 3368 864 3433 haee
885 3369 950 3433 tria
972 3370 1094 3455 scripta
1115 3391 1182 3432 una
1201 3368 1358 3435 collocan-

215 3478 284 3552 tur,
319 3469 510 3558 plerumque
541 3471 577 3532 in
609 3478 757 3534 extrema
788 3480 881 3556 parte
912 3480 967 3535 aut
996 3470 1113 3553 eapitis
1142 3480 1200 3536 aut
1235 3470 1358 3534 ordinis

214 3594 380 3658 nunquam
402 3573 471 3636 lere
493 3571 541 3635 ita
562 3580 598 3635 01
620 3570 655 3633 10
677 3570 792 3635 eodem
813 3569 964 3635 lemmate
988 3569 1060 3634 eliis
1084 3570 1244 3656 exemplis
1271 3581 1358 3657 post·

213 3682 386 3759 ponantur.
430 3695 514 3760 quae
538 3674 646 3738 omnia
668 3671 696 3734 si
726 3673 832 3738 animo
855 3670 1138 3757 comprehenderis
1166 3671 1357 3736 1100111001-

214 3784 267 3839 tus
290 3797 360 3840 esse
383 3775 539 3839 concedes
554 3797 619 3860 quo
635 3772 879 3839 commendetur
895 3771 1155 3839 Scholtmuelleri
1171 3775 1359 3838 coniectura

213 3876 355 3940 Nonium
377 3875 566 3940 testimonia
589 3899 606 3941 e
628 3875 732 3941 tribus
754 3874 819 3940 illis
842 3874 973 3960 scriptis
996 3874 1111 3939 ultimo
1135 3872 1265 3938 demum
1288 3874 1358 3940 looo

214 3986 248 4041 et
269 3977 439 4062 collegisse
462 3979 543 4043 etin
558 3977 687 4042 lexicon
702 3976 861 4042 indidisse
876 3977 947 4040 siue
970 3977 1074 4040 mauis
1091 3975 1200 4040 dicere
1215 3977 1358 4040 assuisse

214 4080 270 4143 ubi
292 4102 351 4165 per
373 4079 470 4166 spatii
493 4079 769 4165 opportunitatem
792 4078 933 4142 maxime
956 4077 1095 4143 licuerit.
1134 4098 1197 4163 quo
1220 4078 1356 4162 probato

214 4181 325 4245 statim
360 4180 560 4266 explicatum
593 4180 729 4244 habebis
763 4181 818 4266 qui
852 4179 975 4244 factum
1006 4179 1048 4243 sit
1074 4187 1111 4242 01
1139 4177 1288 4264 exempla
1316 4200 1358 4242 011

215 4281 344 4367 scriptis
381 4265 445 4344 illis
484 4281 657 4367 desumpta
693 4283 811 4346 totiens
849 4279 1139 4345 intermitterentur
1176 4277 1356 4344 ordinibus.

216 4380 335 4447 deinde
357 4405 435 4446 uero
459 4385 486 4446 si
509 4384 711 4468 quaesiueris
734 4380 820 4446 unde
842 4381 923 4446 haec
937 4381 1143 4446 Varroniano
1157 4379 1201 4444 ad
1215 4379 1357 4445 Nouium

215 4481 418 4566 (1000001101,
442 4485 519 4547 mihi
543 4484 674 4570 quidem
697 4483 785 4548 aliud
800 4482 880 4546 nihil
897 4505 998 4570 aeque
1013 4480 1170 4547 credibile
1184 4481 1358 4545 uidebatur

1113 4583 1158 4648 9*
