3260 5212
213 543 255 608 ad
282 568 313 628 p.
342 545 492 608 26'uum'.
536 567 618 629 quae
651 543 783 630 quidem
814 541 969 606 lemmata
1002 543 1031 606 si
1058 542 1131 626 quis
1161 540 1204 604 ad
1232 540 1381 604 fontem
1436 603 1438 610 ,Ἴ
1467 605 1470 614 ,
1506 615 1509 624 Α

213 667 366 708 reuocare
389 646 532 708 animum
555 645 723 710 induxerit
744 643 840 708 facile
862 644 897 708 in
920 641 1090 708 consilium
1112 642 1215 729 possit
1237 664 1355 706 uocare
1539 715 1555 734 ΙΙ

212 747 303 810 Festi
325 745 430 810 locum
455 747 510 832 (cf.
534 769 565 832 p.
583 747 660 834 375)
684 749 783 810 hune:
808 753 913 824 uulpes
937 749 1062 825 Opille'us
1084 750 1224 808 Aurelius
1246 749 1357 822 ultique
1452 735 1479 786 .'
1503 745 1521 808 ,ἶ
1593 741 1618 840 ὃ)

213 855 379 928 complures
411 855 496 912 otuut
528 853 589 912 dict
620 855 673 927 qut
703 852 841 911 diuersos
871 851 961 911 surus
988 849 1126 910 habeant.
1171 851 1298 909 Plautus
1324 850 1356 908 lu
1448 861 1450 866 ’
1520 825 1609 854 ⁷

215 955 311 1013 Milite
330 957 475 1026 plumoso:
504 955 572 1028 ‘qui
593 955 670 1013 tulos
692 955 810 1014 uitiosos
831 955 974 1012 maiorem
998 958 1119 1027 purtem
1147 952 1253 1010 uidens
1274 952 1359 1022 uului

213 1045 323 1120 suutis'
358 1062 386 1114 et
419 1057 451 1115 tn
465 1107 467 1110 .
481 1055 639 1130 Siliterpo:
676 1057 739 1114 ‘sin
771 1071 808 1114 eo
836 1053 910 1112 mitt
935 1056 1089 1127 tustputtos
1111 1069 1223 1127 pueros
1249 1053 1358 1127 portet

211 1163 317 1231 posteo
340 1163 393 1216 out
413 1172 522 1216 uorum
550 1163 603 1216 out
631 1159 755 1230 colpum
787 1163 840 1216 out
865 1171 1052 1230 compernem
1080 1161 1134 1215 out
1160 1159 1282 1228 paetum
1306 1162 1358 1212 out
1399 1147 1428 1160 ''
1547 1139 1608 1174 ‘

214 1258 372 1330 brooobum
391 1261 514 1330 fitium'
542 1254 607 1318 iam
630 1275 783 1339 supraex
798 1252 925 1317 Aurelii
937 1251 1052 1338 Opillii
1077 1250 1179 1336 copiis
1202 1249 1359 1315 nonnulla

215 1356 249 1418 in
276 1355 375 1418 Nonii
408 1355 529 1420 librum
559 1354 718 1438 migrasse
745 1377 817 1418 cum
851 1353 1056 1419 docuerimus
1090 1375 1227 1437 cumque
1260 1350 1357 1416 facile

215 1455 287 1518 fieri
298 1457 441 1541 potuerit
452 1463 488 1520 ut
499 1456 542 1520 ad
554 1455 692 1521 alterum
704 1457 885 1520 alterumue
897 1478 1027 1520 uersum
1040 1454 1235 1532 Plautinum,
1249 1455 1283 1516 in
1295 1475 1358 1538 quo

215 1578 312 1622 uoces
335 1557 518 1642 corporalia
545 1557 627 1621 uitia
654 1568 805 1624 notantes
829 1556 1005 1622 admodum
1027 1555 1249 1635 cumulantur,
1273 1575 1357 1619 corn-

216 1667 377 1724 mentator
406 1659 507 1744 aliqui
537 1658 577 1722 de
603 1661 683 1744 ipsis
711 1658 776 1722 illis
805 1656 974 1723 uocabulis
1004 1665 1199 1742 exponeret,
1227 1655 1360 1721 nonita

218 1768 344 1825 remota
380 1762 421 1826 ab
459 1762 531 1824 ueri
568 1759 780 1826 similitudine
814 1759 943 1824 uidetur
980 1758 1142 1822 sententia
1177 1757 1362 1822 Nonianum

217 1861 455 1946 expositionem
489 1884 530 1926 ex
564 1861 723 1927 eiusmodi
753 1860 961 1926 adnotatione
988 1861 1134 1924 fluxisse.
1179 1858 1237 1924 sed
1260 1859 1361 1922 disce-

219 1960 362 2026 dendum
385 1973 435 2028 est
457 1964 498 2027 ab
513 1963 575 2028 hac
590 1965 717 2029 ratione
733 1964 885 2049 quoniam
901 1961 1074 2045 Silitergus
1090 1959 1243 2024 Plautina
1258 1981 1362 2044 neque

217 2085 356 2148 usquam
379 2086 399 2126 a
421 2064 527 2128 Nonio
549 2066 736 2129 nominatur
757 2087 862 2150 neque
883 2064 918 2126 in
940 2063 986 2126 eis
1010 2063 1129 2147 quibus
1146 2083 1224 2124 usus
1240 2071 1291 2124 est
1306 2058 1361 2123 ille

220 2163 463 2230 commentariis
498 2164 601 2229 fuisse
633 2165 779 2245 uidetur,
813 2166 932 2251 quippe
966 2163 1022 2248 qui
1048 2163 1112 2226 nisi
1139 2161 1362 2226 Varronianus
1443 2201 1449 2206 -
1528 2197 1530 2200 ·

219 2264 347 2330 fabulas
371 2264 609 2352 explicauerint
630 2264 747 2347 nullas,
771 2266 848 2351 quia
870 2266 1009 2349 denique
1030 2256 1155 2327 nullum
1177 2261 1361 2347 exemplum
1444 2291 1445 2294 ¹

218 2369 252 2430 in
275 2365 332 2430 illa
355 2368 438 2431 serie
460 2390 492 2452 p.
507 2367 634 2432 22-25
649 2367 797 2431 adfertur
812 2365 1008 2431 Plautinum.
1035 2364 1132 2428 immo
1156 2363 1361 2449 proficiscen-

220 2468 296 2532 dum
312 2467 442 2531 uidetur
458 2490 477 2531 a
491 2469 599 2554 capite
615 2467 700 2532 XIV
717 2473 755 2532 de
768 2487 878 2546 ponere
897 2473 1088 2544 uuuiptorum
1106 2465 1193 2551 quod
1208 2464 1362 2529 Hertnius

222 2567 300 2652 (1.1.
328 2592 360 2654 p.
389 2568 466 2653 798)
501 2577 534 2632 ct
555 2569 693 2633 Rothius
729 2571 776 2652 (in
806 2567 961 2633 Suetonio
989 2591 1020 2653 p.
1044 2565 1212 2649 LXXIII)
1241 2566 1363 2651 optimo

219 2671 290 2735 iure
314 2671 470 2755 suspicati
493 2669 632 2733 suntad
656 2670 846 2734 Suetonium
868 2691 939 2733 esse
961 2667 1180 2732 referendum.
1224 2688 1364 2750 namque

220 2771 367 2837 Isidorus
385 2771 502 2856 (origg.
518 2770 618 2856 XIX)
641 2793 737 2856 quem
757 2781 789 2835 et
804 2772 909 2855 ipsum
933 2791 992 2833 sua·
1008 2771 1049 2834 ab
1066 2768 1221 2834 Suetonio
1236 2777 1362 2832 mutua-

221 2884 290 2939 tum
313 2895 383 2937 esse
406 2881 534 2936 constat
555 2872 602 2936 sic
623 2881 660 2936 ut
682 2872 807 2936 Nonius
837 2872 877 2936 de
898 2869 1049 2951 nauibus,
1073 2868 1242 2949 aedificiis,
1265 2869 1363 2932 uesti-

220 2977 283 3040 bus
307 2973 459 3059 deinceps
475 2961 637 3059 exposuit.
659 2973 721 3039 hoc
737 2984 769 3039 et
784 2972 856 3038 aliis
872 2972 1074 3056 argumentis
1095 2972 1192 3035 nixus
1208 2969 1363 3034 Hertzius
1410 2965 1414 2972 ’

225 3077 346 3140 diserte
369 3075 527 3159 explicuit
549 3084 694 3139 extrema
715 3074 772 3139 illa
793 3075 891 3140 Nonii
914 3074 1023 3159 capita
1037 3096 1058 3136 a
1073 3071 1226 3138 Suetonio
1247 3069 1300 3134 uel
1323 3070 1365 3135 ab

224 3179 293 3240 eius
317 3186 448 3240 auctore
470 3176 618 3240 Varrone
641 3176 697 3260 (de
719 3176 789 3240 uita
804 3199 879 3262 pop.
895 3175 1003 3259 Rom.)
1028 3197 1099 3240 esse
1115 3172 1270 3238 delibata.
1299 3173 1365 3236 iam
1427 3203 1428 3206 ¹
1504 3199 1510 3222 ·»
1549 3143 1622 3194 l

221 3277 323 3362 igitur
347 3276 426 3341 haec
449 3277 477 3340 si
499 3300 576 3341 uere
598 3278 765 3363 disputata
787 3286 873 3357 sunt,
897 3272 942 3339 nil
964 3273 1168 3360 probabilius
1197 3284 1246 3338 est
1268 3295 1365 3357 quam

222 3377 314 3442 illum
337 3401 465 3464 quoque
488 3379 634 3443 ordinem
658 3378 698 3442 de
721 3378 811 3442 uitiis
834 3375 1058 3463 corporalibus
1081 3399 1101 3439 a
1116 3376 1270 3440 Suetonio
1294 3396 1366 3438 esse

222 3479 451 3566 repetendum,
481 3500 575 3566 quem
604 3478 644 3543 de
672 3479 785 3544 eadem
814 3501 850 3542 re
879 3479 1091 3561 cognouimus
1124 3478 1157 3540 in
1185 3487 1278 3562 prato
1306 3497 1365 3538 suo

152 3643 154 3650 ,
224 3581 418 3646 disseruisse
443 3580 534 3664 (uide
556 3578 815 3644 Reifferscheidii
837 3579 991 3665 reliquias
1015 3579 1104 3642 Suet.
1121 3600 1153 3663 p.
1168 3578 1259 3662 272),
1275 3577 1366 3653 cuius

224 3683 385 3768 expositio
413 3705 487 3746 cum
518 3681 669 3747 Noniana
699 3682 728 3744 si
758 3681 864 3744 minus
898 3680 1061 3763 congruit,
1096 3678 1367 3744 Suetonianorum

223 3784 481 3868 fragmentorum
504 3784 655 3848 tenuitati
677 3783 738 3848 hoo
760 3781 969 3847 tribuendum
991 3803 1064 3845 esse
1086 3802 1180 3845 nemo
1203 3779 1344 3863 negabit.

310 4191 419 4272 Quam
455 4190 489 4253 in
517 4190 702 4274 quaerendo
730 4189 817 4253 uiam
845 4188 952 4253 adhuc
978 4189 1120 4273 ingressi
1143 4210 1270 4269 sumus,
1295 4209 1366 4253 eam

225 4315 311 4357 nunc
344 4291 612 4377 derelinquimus:
645 4291 709 4356 huc
743 4292 827 4355 enim
860 4313 963 4377 usque
991 4301 1028 4354 ut
1056 4313 1098 4353 ex
1125 4290 1197 4375 ipsa
1224 4289 1367 4353 Noniani

225 4394 330 4480 operis
355 4393 587 4478 compositione
608 4392 726 4478 quibus
749 4392 896 4456 fontibus
919 4391 973 4456 ille
1004 4413 1082 4455 usus
1106 4392 1147 4454 sit
1168 4391 1367 4474 inuestigare

224 4495 419 4562 studuimus.
448 4504 524 4559 sunt
539 4503 646 4559 autem
662 4490 821 4580 permulta
844 4492 996 4558 lemmata
1017 4514 1100 4581 quae
1123 4501 1217 4557 extra
1234 4489 1366 4558 ordines
