<?xml version="1.0" encoding="UTF-8"?>
<!DOCTYPE html PUBLIC "-//W3C//DTD XHTML 1.0 Transitional//EN"
    "http://www.w3.org/TR/xhtml1/DTD/xhtml1-transitional.dtd">
<html xmlns="http://www.w3.org/1999/xhtml" xml:lang="en" lang="en">
 <head>
  <title>
</title>
<meta http-equiv="Content-Type" content="text/html;charset=utf-8" />
  <meta name='ocr-system' content='tesseract 3.04.00' />
  <meta name='ocr-capabilities' content='ocr_page ocr_carea ocr_par ocr_line ocrx_word'/>
</head>
<body>
  <div class='ocr_page' id='page_1' title='image "./denoniimarcelli00schmgoog_0023.png"; bbox 0 0 3262 5196; ppageno 0'>
   <div class='ocr_carea' id='block_1_1' title="bbox 750 337 959 399">
    <p class='ocr_par' dir='ltr' id='par_1_1' title="bbox 750 337 959 399">
     <span class='ocr_line' id='line_1_1' title="bbox 750 337 959 399; baseline 0.005 -17"><span class='ocrx_word' id='word_1_1' title='bbox 750 337 959 399; x_wconf 42' lang='lat' dir='ltr'>„mm</span> 
     </span>
    </p>
   </div>
   <div class='ocr_carea' id='block_1_2' title="bbox 278 493 1508 4214">
    <p class='ocr_par' dir='ltr' id='par_1_2' title="bbox 278 493 1508 4214">
     <span class='ocr_line' id='line_1_2' title="bbox 280 493 1460 592; baseline -0.001 -24"><span class='ocrx_word' id='word_1_2' title='bbox 280 527 343 592; x_wconf 93' lang='lat' dir='ltr'>quo</span> <span class='ocrx_word' id='word_1_3' title='bbox 372 507 413 572; x_wconf 89' lang='lat' dir='ltr'>de</span> <span class='ocrx_word' id='word_1_4' title='bbox 441 506 632 570; x_wconf 84' lang='lat' dir='ltr'>differentiis</span> <span class='ocrx_word' id='word_1_5' title='bbox 660 506 893 570; x_wconf 86' lang='lat' dir='ltr'>uocabulorum</span> <span class='ocrx_word' id='word_1_6' title='bbox 922 506 1098 589; x_wconf 80' lang='lat' dir='ltr'>agebatur3</span> <span class='ocrx_word' id='word_1_7' title='bbox 1124 511 1277 585; x_wconf 68' lang='lat' dir='ltr'>dicepllem</span> <span class='ocrx_word' id='word_1_8' title='bbox 1305 503 1424 568; x_wconf 87' lang='lat' dir='ltr'>lemma</span> <span class='ocrx_word' id='word_1_9' title='bbox 1454 493 1460 500; x_wconf 42' lang='lat'><strong>¹</strong></span> 
     </span>
     <span class='ocr_line' id='line_1_3' title="bbox 280 605 1423 693; baseline -0.003 -22"><span class='ocrx_word' id='word_1_10' title='bbox 280 608 326 692; x_wconf 88' lang='lat' dir='ltr'>(p.</span> <span class='ocrx_word' id='word_1_11' title='bbox 350 607 413 671; x_wconf 86' lang='lat'>453</span> <span class='ocrx_word' id='word_1_12' title='bbox 437 609 522 693; x_wconf 77' lang='lat' dir='ltr'>sqq.)</span> <span class='ocrx_word' id='word_1_13' title='bbox 545 606 647 692; x_wconf 86' lang='lat' dir='ltr'>capiti</span> <span class='ocrx_word' id='word_1_14' title='bbox 670 615 762 670; x_wconf 88' lang='lat' dir='ltr'>sexto</span> <span class='ocrx_word' id='word_1_15' title='bbox 786 605 841 690; x_wconf 90' lang='lat' dir='ltr'>(dc</span> <span class='ocrx_word' id='word_1_16' title='bbox 868 605 1069 692; x_wconf 83' lang='lat' dir='ltr'>impropriis)</span> <span class='ocrx_word' id='word_1_17' title='bbox 1098 606 1328 692; x_wconf 84' lang='lat' dir='ltr'>interpositum</span> <span class='ocrx_word' id='word_1_18' title='bbox 1352 629 1423 669; x_wconf 85' lang='lat' dir='ltr'>esse</span> 
     </span>
     <span class='ocr_line' id='line_1_4' title="bbox 279 705 1423 793; baseline -0.002 -21"><span class='ocrx_word' id='word_1_19' title='bbox 279 731 319 772; x_wconf 91' lang='lat' dir='ltr'>ne</span> <span class='ocrx_word' id='word_1_20' title='bbox 342 707 402 772; x_wconf 89' lang='lat' dir='ltr'>hoc</span> <span class='ocrx_word' id='word_1_21' title='bbox 417 708 547 793; x_wconf 88' lang='lat' dir='ltr'>quidem</span> <span class='ocrx_word' id='word_1_22' title='bbox 563 707 775 790; x_wconf 82' lang='lat' dir='ltr'>licetmirari.</span> <span class='ocrx_word' id='word_1_23' title='bbox 804 707 891 793; x_wconf 89' lang='lat' dir='ltr'>quod</span> <span class='ocrx_word' id='word_1_24' title='bbox 908 717 1016 771; x_wconf 67' lang='lat' dir='ltr'>aretem</span> <span class='ocrx_word' id='word_1_25' title='bbox 1033 717 1205 793; x_wconf 89' lang='lat' dir='ltr'>utrumque</span> <span class='ocrx_word' id='word_1_26' title='bbox 1222 708 1254 771; x_wconf 90' lang='lat' dir='ltr'>in</span> <span class='ocrx_word' id='word_1_27' title='bbox 1271 705 1423 771; x_wconf 81' lang='lat' dir='ltr'>Plautino</span> 
     </span>
     <span class='ocr_line' id='line_1_5' title="bbox 280 806 1424 894; baseline -0.003 -20"><span class='ocrx_word' id='word_1_28' title='bbox 280 809 393 874; x_wconf 89' lang='lat' dir='ltr'>ordine</span> <span class='ocrx_word' id='word_1_29' title='bbox 420 811 561 894; x_wconf 85' lang='lat' dir='ltr'>positum</span> <span class='ocrx_word' id='word_1_30' title='bbox 589 818 654 891; x_wconf 85' lang='lat' dir='ltr'>est,</span> <span class='ocrx_word' id='word_1_31' title='bbox 682 809 743 873; x_wconf 89' lang='lat' dir='ltr'>hoe</span> <span class='ocrx_word' id='word_1_32' title='bbox 772 806 863 872; x_wconf 89' lang='lat' dir='ltr'>nulla</span> <span class='ocrx_word' id='word_1_33' title='bbox 889 808 954 872; x_wconf 91' lang='lat' dir='ltr'>alia</span> <span class='ocrx_word' id='word_1_34' title='bbox 982 832 1017 873; x_wconf 90' lang='lat' dir='ltr'>re</span> <span class='ocrx_word' id='word_1_35' title='bbox 1039 807 1268 894; x_wconf 85' lang='lat' dir='ltr'>explicandum</span> <span class='ocrx_word' id='word_1_36' title='bbox 1291 809 1424 873; x_wconf 88' lang='lat' dir='ltr'>uidetur</span> 
     </span>
     <span class='ocr_line' id='line_1_6' title="bbox 282 908 1423 995; baseline 0 -23"><span class='ocrx_word' id='word_1_37' title='bbox 282 933 380 994; x_wconf 88' lang='lat' dir='ltr'>quam</span> <span class='ocrx_word' id='word_1_38' title='bbox 403 910 489 995; x_wconf 92' lang='lat' dir='ltr'>quod</span> <span class='ocrx_word' id='word_1_39' title='bbox 510 910 558 974; x_wconf 91' lang='lat' dir='ltr'>ibi</span> <span class='ocrx_word' id='word_1_40' title='bbox 574 910 836 975; x_wconf 80' lang='lat' dir='ltr'>commodissime</span> <span class='ocrx_word' id='word_1_41' title='bbox 852 932 890 974; x_wconf 89' lang='lat' dir='ltr'>ea</span> <span class='ocrx_word' id='word_1_42' title='bbox 905 908 1026 974; x_wconf 77' lang='lat' dir='ltr'>licebat</span> <span class='ocrx_word' id='word_1_43' title='bbox 1041 911 1215 974; x_wconf 85' lang='lat' dir='ltr'>ascribere.</span> <span class='ocrx_word' id='word_1_44' title='bbox 1235 911 1423 974; x_wconf 85' lang='lat' dir='ltr'>-Partem</span> 
     </span>
     <span class='ocr_line' id='line_1_7' title="bbox 280 1010 1508 1100; baseline 0.001 -26"><span class='ocrx_word' id='word_1_45' title='bbox 280 1010 399 1076; x_wconf 87' lang='lat' dir='ltr'>deinde</span> <span class='ocrx_word' id='word_1_46' title='bbox 427 1012 613 1075; x_wconf 87' lang='lat' dir='ltr'>lemmatum</span> <span class='ocrx_word' id='word_1_47' title='bbox 642 1013 684 1076; x_wconf 85' lang='lat' dir='ltr'>ab</span> <span class='ocrx_word' id='word_1_48' title='bbox 713 1010 883 1077; x_wconf 84' lang='lat' dir='ltr'>ordinibus</span> <span class='ocrx_word' id='word_1_49' title='bbox 912 1010 1092 1075; x_wconf 86' lang='lat' dir='ltr'>alienorum</span> <span class='ocrx_word' id='word_1_50' title='bbox 1121 1011 1424 1100; x_wconf 22' lang='lat' dir='ltr'>suspicandum-est</span> <span class='ocrx_word' id='word_1_51' title='bbox 1504 1023 1508 1028; x_wconf 81' lang='grc'><strong>“</strong></span> 
     </span>
     <span class='ocr_line' id='line_1_8' title="bbox 280 1111 1424 1199; baseline 0.001 -24"><span class='ocrx_word' id='word_1_52' title='bbox 280 1123 386 1176; x_wconf 86' lang='lat' dir='ltr'>ortam</span> <span class='ocrx_word' id='word_1_53' title='bbox 410 1135 480 1177; x_wconf 87' lang='lat' dir='ltr'>esse</span> <span class='ocrx_word' id='word_1_54' title='bbox 502 1135 544 1176; x_wconf 87' lang='lat' dir='ltr'>ex</span> <span class='ocrx_word' id='word_1_55' title='bbox 567 1112 846 1198; x_wconf 87' lang='lat' dir='ltr'>deprauatissima</span> <span class='ocrx_word' id='word_1_56' title='bbox 868 1121 978 1176; x_wconf 83' lang='lat' dir='ltr'>textus</span> <span class='ocrx_word' id='word_1_57' title='bbox 993 1112 1096 1199; x_wconf 88' lang='lat' dir='ltr'>ipsius</span> <span class='ocrx_word' id='word_1_58' title='bbox 1118 1111 1237 1177; x_wconf 86' lang='lat' dir='ltr'>forma.</span> <span class='ocrx_word' id='word_1_59' title='bbox 1280 1122 1317 1177; x_wconf 92' lang='lat' dir='ltr'>ut</span> <span class='ocrx_word' id='word_1_60' title='bbox 1339 1112 1424 1177; x_wconf 89' lang='lat' dir='ltr'>enim</span> 
     </span>
     <span class='ocr_line' id='line_1_9' title="bbox 279 1212 1424 1302; baseline 0.001 -26"><span class='ocrx_word' id='word_1_61' title='bbox 279 1215 396 1278; x_wconf 79' lang='lat' dir='ltr'>iterum</span> <span class='ocrx_word' id='word_1_62' title='bbox 426 1213 574 1299; x_wconf 87' lang='lat' dir='ltr'>exemplo</span> <span class='ocrx_word' id='word_1_63' title='bbox 602 1223 677 1278; x_wconf 85' lang='lat' dir='ltr'>utar</span> <span class='ocrx_word' id='word_1_64' title='bbox 703 1235 745 1278; x_wconf 88' lang='lat' dir='ltr'>ex</span> <span class='ocrx_word' id='word_1_65' title='bbox 773 1212 888 1277; x_wconf 83' lang='lat' dir='ltr'>ordine</span> <span class='ocrx_word' id='word_1_66' title='bbox 916 1212 1068 1280; x_wconf 85' lang='lat' dir='ltr'>Plautino</span> <span class='ocrx_word' id='word_1_67' title='bbox 1091 1215 1283 1302; x_wconf 80' lang='lat' dir='ltr'>desumpto,</span> <span class='ocrx_word' id='word_1_68' title='bbox 1307 1221 1424 1280; x_wconf 80' lang='lat' dir='ltr'>illicere</span> 
     </span>
     <span class='ocr_line' id='line_1_10' title="bbox 279 1313 1424 1382; baseline 0 -4"><span class='ocrx_word' id='word_1_69' title='bbox 279 1314 397 1378; x_wconf 88' lang='lat' dir='ltr'>lemma</span> <span class='ocrx_word' id='word_1_70' title='bbox 423 1317 533 1380; x_wconf 83' lang='lat' dir='ltr'>nescio</span> <span class='ocrx_word' id='word_1_71' title='bbox 562 1337 604 1378; x_wconf 92' lang='lat' dir='ltr'>an</span> <span class='ocrx_word' id='word_1_72' title='bbox 632 1314 716 1379; x_wconf 82' lang='lat' dir='ltr'>falso</span> <span class='ocrx_word' id='word_1_73' title='bbox 744 1313 1033 1380; x_wconf 82' lang='lat' dir='ltr'>Schottmuellerus</span> <span class='ocrx_word' id='word_1_74' title='bbox 1063 1317 1215 1381; x_wconf 86' lang='lat' dir='ltr'>statuerit</span> <span class='ocrx_word' id='word_1_75' title='bbox 1243 1315 1347 1382; x_wconf 88' lang='lat' dir='ltr'>ordini</span> <span class='ocrx_word' id='word_1_76' title='bbox 1377 1317 1424 1381; x_wconf 92' lang='lat' dir='ltr'>ibi</span> 
     </span>
     <span class='ocr_line' id='line_1_11' title="bbox 278 1416 1422 1503; baseline 0.001 -24"><span class='ocrx_word' id='word_1_77' title='bbox 278 1416 494 1480; x_wconf 78' lang='lat' dir='ltr'>cummaxime</span> <span class='ocrx_word' id='word_1_78' title='bbox 521 1416 679 1480; x_wconf 82' lang='lat' dir='ltr'>inscrtum</span> <span class='ocrx_word' id='word_1_79' title='bbox 708 1438 778 1480; x_wconf 86' lang='lat' dir='ltr'>esse</span> <span class='ocrx_word' id='word_1_80' title='bbox 806 1425 941 1502; x_wconf 84' lang='lat' dir='ltr'>propter</span> <span class='ocrx_word' id='word_1_81' title='bbox 968 1416 1185 1502; x_wconf 81' lang='lat' dir='ltr'>etymologiae</span> <span class='ocrx_word' id='word_1_82' title='bbox 1213 1420 1284 1483; x_wconf 88' lang='lat' dir='ltr'>siue</span> <span class='ocrx_word' id='word_1_83' title='bbox 1313 1418 1422 1503; x_wconf 86' lang='lat' dir='ltr'>potius</span> 
     </span>
     <span class='ocr_line' id='line_1_12' title="bbox 280 1516 1423 1604; baseline 0.003 -26"><span class='ocrx_word' id='word_1_84' title='bbox 280 1516 529 1598; x_wconf 84' lang='lat' dir='ltr'>significationis</span> <span class='ocrx_word' id='word_1_85' title='bbox 566 1539 639 1582; x_wconf 89' lang='lat' dir='ltr'>cum</span> <span class='ocrx_word' id='word_1_86' title='bbox 675 1518 880 1582; x_wconf 78' lang='lat' dir='ltr'>antecedenti</span> <span class='ocrx_word' id='word_1_87' title='bbox 917 1531 1001 1584; x_wconf 82' lang='lat' dir='ltr'>lenos</span> <span class='ocrx_word' id='word_1_88' title='bbox 1038 1520 1306 1584; x_wconf 86' lang='lat' dir='ltr'>communionem.</span> <span class='ocrx_word' id='word_1_89' title='bbox 1344 1528 1423 1604; x_wconf 90' lang='lat' dir='ltr'>puto</span> 
     </span>
     <span class='ocr_line' id='line_1_13' title="bbox 280 1617 1422 1706; baseline 0.002 -26"><span class='ocrx_word' id='word_1_90' title='bbox 280 1618 412 1701; x_wconf 83' lang='lat' dir='ltr'>cnim¹⁰)</span> <span class='ocrx_word' id='word_1_91' title='bbox 441 1617 627 1682; x_wconf 91' lang='lat' dir='ltr'>Plautinum</span> <span class='ocrx_word' id='word_1_92' title='bbox 651 1618 836 1704; x_wconf 86' lang='lat' dir='ltr'>exemplum</span> <span class='ocrx_word' id='word_1_93' title='bbox 859 1619 915 1683; x_wconf 94' lang='lat' dir='ltr'>illo</span> <span class='ocrx_word' id='word_1_94' title='bbox 943 1619 1012 1685; x_wconf 89' lang='lat' dir='ltr'>loco</span> <span class='ocrx_word' id='word_1_95' title='bbox 1043 1620 1206 1685; x_wconf 84' lang='lat' dir='ltr'>excidisse</span> <span class='ocrx_word' id='word_1_96' title='bbox 1229 1622 1422 1706; x_wconf 83' lang='lat' dir='ltr'>pracsertim</span> 
     </span>
     <span class='ocr_line' id='line_1_14' title="bbox 279 1718 1426 1808; baseline 0.003 -28"><span class='ocrx_word' id='word_1_97' title='bbox 279 1741 351 1780; x_wconf 91' lang='lat' dir='ltr'>cum</span> <span class='ocrx_word' id='word_1_98' title='bbox 379 1718 525 1808; x_wconf 82' lang='lat' dir='ltr'>legamus</span> <span class='ocrx_word' id='word_1_99' title='bbox 553 1719 639 1808; x_wconf 87' lang='lat' dir='ltr'>apud</span> <span class='ocrx_word' id='word_1_100' title='bbox 668 1719 820 1784; x_wconf 83' lang='lat' dir='ltr'>Plautum</span> <span class='ocrx_word' id='word_1_101' title='bbox 852 1720 972 1785; x_wconf 87' lang='lat' dir='ltr'>Bacch.</span> <span class='ocrx_word' id='word_1_102' title='bbox 1001 1722 1040 1796; x_wconf 93' lang='lat' dir='ltr'>V,</span> <span class='ocrx_word' id='word_1_103' title='bbox 1070 1724 1101 1802; x_wconf 96' lang='grc'>2,</span> <span class='ocrx_word' id='word_1_104' title='bbox 1131 1724 1151 1785; x_wconf 83' lang='grc'><strong>3</strong></span> <span class='ocrx_word' id='word_1_105' title='bbox 1180 1721 1270 1803; x_wconf 78' lang='grc'>(1151</span> <span class='ocrx_word' id='word_1_106' title='bbox 1299 1721 1369 1806; x_wconf 85' lang='lat' dir='ltr'>R.):</span> <span class='ocrx_word' id='word_1_107' title='bbox 1398 1728 1426 1784; x_wconf 86' lang='lat' dir='ltr'>sl</span> 
     </span>
     <span class='ocr_line' id='line_1_15' title="bbox 282 1821 1421 1907; baseline 0.002 -26"><span class='ocrx_word' id='word_1_108' title='bbox 282 1824 334 1881; x_wconf 77' lang='lat' dir='ltr'>llos</span> <span class='ocrx_word' id='word_1_109' title='bbox 351 1841 512 1898; x_wconf 71' lang='lat' dir='ltr'>perstemus</span> <span class='ocrx_word' id='word_1_110' title='bbox 534 1829 613 1886; x_wconf 84' lang='lat' dir='ltr'>lolre</span> <span class='ocrx_word' id='word_1_111' title='bbox 636 1828 750 1887; x_wconf 76' lang='lat' dir='ltr'>illicere</span> <span class='ocrx_word' id='word_1_112' title='bbox 772 1828 831 1886; x_wconf 75' lang='lat' dir='ltr'>leue</span> <span class='ocrx_word' id='word_1_113' title='bbox 854 1844 949 1906; x_wconf 89' lang='lat' dir='ltr'>quom</span> <span class='ocrx_word' id='word_1_114' title='bbox 972 1842 1104 1886; x_wconf 87' lang='lat' dir='ltr'>uersum</span> <span class='ocrx_word' id='word_1_115' title='bbox 1127 1822 1155 1885; x_wconf 83' lang='lat' dir='ltr'>si</span> <span class='ocrx_word' id='word_1_116' title='bbox 1177 1821 1264 1907; x_wconf 84' lang='lat' dir='ltr'>apud</span> <span class='ocrx_word' id='word_1_117' title='bbox 1280 1821 1421 1886; x_wconf 90' lang='lat' dir='ltr'>Nonium</span> 
     </span>
     <span class='ocr_line' id='line_1_16' title="bbox 281 1922 1424 2009; baseline 0.003 -27"><span class='ocrx_word' id='word_1_118' title='bbox 281 1923 482 2003; x_wconf 84' lang='lat' dir='ltr'>restitueris,</span> <span class='ocrx_word' id='word_1_119' title='bbox 511 1925 633 2008; x_wconf 88' lang='lat' dir='ltr'>optimc</span> <span class='ocrx_word' id='word_1_120' title='bbox 661 1922 816 2009; x_wconf 86' lang='lat' dir='ltr'>procedet</span> <span class='ocrx_word' id='word_1_121' title='bbox 843 1923 936 1988; x_wconf 84' lang='lat' dir='ltr'>ordo.</span> <span class='ocrx_word' id='word_1_122' title='bbox 981 1926 1026 1988; x_wconf 83' lang='lat' dir='ltr'>sie</span> <span class='ocrx_word' id='word_1_123' title='bbox 1055 1924 1139 1988; x_wconf 90' lang='lat' dir='ltr'>enim</span> <span class='ocrx_word' id='word_1_124' title='bbox 1175 1922 1326 2009; x_wconf 80' lang='lat' dir='ltr'>exempla</span> <span class='ocrx_word' id='word_1_125' title='bbox 1354 1946 1424 1986; x_wconf 84' lang='lat' dir='ltr'>sese</span> 
     </span>
     <span class='ocr_line' id='line_1_17' title="bbox 283 2021 459 2108; baseline 0.017 -25"><span class='ocrx_word' id='word_1_126' title='bbox 283 2021 459 2108; x_wconf 75' lang='lat' dir='ltr'>excipient:</span> 
     </span>
     <span class='ocr_line' id='line_1_18' title="bbox 501 2128 1184 2206; baseline 0 -18"><span class='ocrx_word' id='word_1_127' title='bbox 501 2135 612 2188; x_wconf 81' lang='lat' dir='ltr'>tenus.</span> <span class='ocrx_word' id='word_1_128' title='bbox 735 2131 833 2194; x_wconf 82' lang='lat' dir='ltr'>Plaol,</span> <span class='ocrx_word' id='word_1_129' title='bbox 858 2131 970 2190; x_wconf 82' lang='lat' dir='ltr'>Bucclr.</span> <span class='ocrx_word' id='word_1_130' title='bbox 995 2128 1110 2206; x_wconf 63' lang='lat'>1136,</span> <span class='ocrx_word' id='word_1_131' title='bbox 1134 2128 1184 2189; x_wconf 84' lang='grc'>22.</span> 
     </span>
     <span class='ocr_line' id='line_1_19' title="bbox 503 2223 1199 2312; baseline 0.009 -26"><span class='ocrx_word' id='word_1_132' title='bbox 503 2224 624 2288; x_wconf 87' lang='lat' dir='ltr'>illicere</span> <span class='ocrx_word' id='word_1_133' title='bbox 738 2223 850 2310; x_wconf 75' lang='lat' dir='ltr'>[I&#39;loul.</span> <span class='ocrx_word' id='word_1_134' title='bbox 874 2230 989 2292; x_wconf 84' lang='lat' dir='ltr'>Bueclr.</span> <span class='ocrx_word' id='word_1_135' title='bbox 1022 2234 1055 2308; x_wconf 71' lang='grc' dir='ltr'>Γ,</span> <span class='ocrx_word' id='word_1_136' title='bbox 1078 2231 1109 2308; x_wconf 91' lang='grc'>2,</span> <span class='ocrx_word' id='word_1_137' title='bbox 1132 2228 1199 2312; x_wconf 74' lang='grc'>31]</span> 
     </span>
     <span class='ocr_line' id='line_1_20' title="bbox 738 2327 1070 2415; baseline 0.009 -25"><span class='ocrx_word' id='word_1_138' title='bbox 738 2327 882 2392; x_wconf 86' lang='lat' dir='ltr'>Naeuius</span> <span class='ocrx_word' id='word_1_139' title='bbox 906 2328 1070 2415; x_wconf 80' lang='lat' dir='ltr'>Lycurgo.</span> 
     </span>
     <span class='ocr_line' id='line_1_21' title="bbox 506 2426 667 2510; baseline 0.019 -22"><span class='ocrx_word' id='word_1_140' title='bbox 506 2426 667 2510; x_wconf 82' lang='lat' dir='ltr'>paeliceos</span> 
     </span>
     <span class='ocr_line' id='line_1_22' title="bbox 503 2528 1139 2614; baseline 0.005 -23"><span class='ocrx_word' id='word_1_141' title='bbox 503 2528 644 2592; x_wconf 84' lang='lat' dir='ltr'>caluitur</span> <span class='ocrx_word' id='word_1_142' title='bbox 737 2535 835 2594; x_wconf 74' lang='lat' dir='ltr'>clam.</span> <span class='ocrx_word' id='word_1_143' title='bbox 860 2536 960 2596; x_wconf 75' lang='lat' dir='ltr'>Ceste.</span> <span class='ocrx_word' id='word_1_144' title='bbox 985 2536 1031 2614; x_wconf 88' lang='grc' dir='ltr'>ΙΙ,</span> <span class='ocrx_word' id='word_1_145' title='bbox 1054 2533 1085 2613; x_wconf 91' lang='grc'>2,</span> <span class='ocrx_word' id='word_1_146' title='bbox 1109 2534 1139 2596; x_wconf 87' lang='grc'>3.</span> 
     </span>
     <span class='ocr_line' id='line_1_23' title="bbox 737 2631 1131 2698; baseline 0.01 -4"><span class='ocrx_word' id='word_1_147' title='bbox 737 2631 901 2696; x_wconf 84' lang='lat' dir='ltr'>Pacuuius</span> <span class='ocrx_word' id='word_1_148' title='bbox 923 2633 1029 2698; x_wconf 86' lang='lat' dir='ltr'>Medo.</span> <span class='ocrx_word' id='word_1_149' title='bbox 1128 2649 1131 2652; x_wconf 83' lang='lat'>&#39;</span> 
     </span>
     <span class='ocr_line' id='line_1_24' title="bbox 739 2734 1054 2820; baseline 0.006 -24"><span class='ocrx_word' id='word_1_150' title='bbox 739 2734 850 2797; x_wconf 86' lang='lat' dir='ltr'>Allius</span> <span class='ocrx_word' id='word_1_151' title='bbox 874 2734 1054 2820; x_wconf 53' lang='lat' dir='ltr'>Eurysace</span> 
     </span>
     <span class='ocr_line' id='line_1_25' title="bbox 739 2833 1193 2900; baseline 0.002 -3"><span class='ocrx_word' id='word_1_152' title='bbox 739 2835 885 2899; x_wconf 87' lang='lat' dir='ltr'>Lucilius</span> <span class='ocrx_word' id='word_1_153' title='bbox 909 2835 977 2899; x_wconf 86' lang='lat' dir='ltr'>Sat.</span> <span class='ocrx_word' id='word_1_154' title='bbox 1000 2833 1057 2899; x_wconf 87' lang='lat' dir='ltr'>lib.</span> <span class='ocrx_word' id='word_1_155' title='bbox 1083 2836 1193 2900; x_wconf 86' lang='lat' dir='ltr'>XVll.</span> 
     </span>
     <span class='ocr_line' id='line_1_26' title="bbox 739 2935 1109 3002; baseline 0.003 -4"><span class='ocrx_word' id='word_1_156' title='bbox 739 2937 900 3000; x_wconf 86' lang='lat' dir='ltr'>Pacuuius</span> <span class='ocrx_word' id='word_1_157' title='bbox 924 2935 1109 3002; x_wconf 84' lang='lat' dir='ltr'>Duloreste.</span> 
     </span>
     <span class='ocr_line' id='line_1_27' title="bbox 738 3036 1002 3102; baseline 0.008 -3"><span class='ocrx_word' id='word_1_158' title='bbox 738 3036 815 3101; x_wconf 73' lang='lat' dir='ltr'>Sall.</span> <span class='ocrx_word' id='word_1_159' title='bbox 839 3036 913 3102; x_wconf 85' lang='lat' dir='ltr'>hist.</span> <span class='ocrx_word' id='word_1_160' title='bbox 939 3037 1002 3102; x_wconf 91' lang='lat' dir='ltr'>lll.</span> 
     </span>
     <span class='ocr_line' id='line_1_28' title="bbox 281 3134 1422 3204; baseline 0.004 -7"><span class='ocrx_word' id='word_1_161' title='bbox 281 3134 430 3198; x_wconf 82' lang='lat' dir='ltr'>similiter</span> <span class='ocrx_word' id='word_1_162' title='bbox 459 3135 498 3198; x_wconf 88' lang='lat' dir='ltr'>de</span> <span class='ocrx_word' id='word_1_163' title='bbox 533 3150 629 3200; x_wconf 75' lang='lat' dir='ltr'>reulus</span> <span class='ocrx_word' id='word_1_164' title='bbox 663 3138 911 3202; x_wconf 80' lang='lat' dir='ltr'>existimandum</span> <span class='ocrx_word' id='word_1_165' title='bbox 937 3138 1076 3202; x_wconf 85' lang='lat' dir='ltr'>uidetur.</span> <span class='ocrx_word' id='word_1_166' title='bbox 1123 3149 1213 3202; x_wconf 85' lang='lat' dir='ltr'>extat</span> <span class='ocrx_word' id='word_1_167' title='bbox 1248 3140 1332 3202; x_wconf 83' lang='lat' dir='ltr'>enim</span> <span class='ocrx_word' id='word_1_168' title='bbox 1362 3139 1422 3204; x_wconf 89' lang='lat' dir='ltr'>hoe</span> 
     </span>
     <span class='ocr_line' id='line_1_29' title="bbox 280 3235 1419 3323; baseline 0.005 -26"><span class='ocrx_word' id='word_1_169' title='bbox 280 3235 475 3301; x_wconf 82' lang='lat' dir='ltr'>uocabulum</span> <span class='ocrx_word' id='word_1_170' title='bbox 505 3237 592 3321; x_wconf 90' lang='lat' dir='ltr'>apud</span> <span class='ocrx_word' id='word_1_171' title='bbox 620 3236 771 3302; x_wconf 91' lang='lat' dir='ltr'>Plautum</span> <span class='ocrx_word' id='word_1_172' title='bbox 800 3239 832 3301; x_wconf 88' lang='lat' dir='ltr'>in</span> <span class='ocrx_word' id='word_1_173' title='bbox 855 3238 960 3303; x_wconf 88' lang='lat' dir='ltr'>Milite</span> <span class='ocrx_word' id='word_1_174' title='bbox 982 3239 1026 3323; x_wconf 81' lang='lat' dir='ltr'>gl.</span> <span class='ocrx_word' id='word_1_175' title='bbox 1051 3239 1104 3303; x_wconf 94' lang='lat' dir='ltr'>lll</span> <span class='ocrx_word' id='word_1_176' title='bbox 1129 3243 1160 3317; x_wconf 86' lang='lat'>1,</span> <span class='ocrx_word' id='word_1_177' title='bbox 1185 3241 1226 3303; x_wconf 83' lang='grc'>10</span> <span class='ocrx_word' id='word_1_178' title='bbox 1247 3240 1323 3322; x_wconf 72' lang='grc'>(161</span> <span class='ocrx_word' id='word_1_179' title='bbox 1350 3242 1419 3322; x_wconf 81' lang='lat' dir='ltr'>R.):</span> 
     </span>
     <span class='ocr_line' id='line_1_30' title="bbox 278 3337 1422 3417; baseline 0.005 -19"><span class='ocrx_word' id='word_1_180' title='bbox 278 3360 391 3416; x_wconf 76' lang='lat' dir='ltr'>opusne</span> <span class='ocrx_word' id='word_1_181' title='bbox 418 3337 501 3404; x_wconf 78' lang='lat' dir='ltr'>leui?</span> <span class='ocrx_word' id='word_1_182' title='bbox 529 3342 683 3402; x_wconf 77' lang='lat' dir='ltr'>‘leniorem</span> <span class='ocrx_word' id='word_1_183' title='bbox 706 3346 786 3403; x_wconf 79' lang='lat' dir='ltr'>dices</span> <span class='ocrx_word' id='word_1_184' title='bbox 808 3363 896 3417; x_wconf 73' lang='lat' dir='ltr'>orrum</span> <span class='ocrx_word' id='word_1_185' title='bbox 927 3353 1066 3404; x_wconf 78' lang='lat' dir='ltr'>lrrrrlumsl</span> <span class='ocrx_word' id='word_1_186' title='bbox 1093 3348 1198 3403; x_wconf 81' lang='lat' dir='ltr'>crore’.</span> <span class='ocrx_word' id='word_1_187' title='bbox 1243 3352 1275 3405; x_wconf 88' lang='lat' dir='ltr'>et</span> <span class='ocrx_word' id='word_1_188' title='bbox 1302 3364 1342 3405; x_wconf 88' lang='lat' dir='ltr'>ne</span> <span class='ocrx_word' id='word_1_189' title='bbox 1372 3342 1422 3404; x_wconf 77' lang='lat' dir='ltr'>lie</span> 
     </span>
     <span class='ocr_line' id='line_1_31' title="bbox 280 3438 1421 3526; baseline 0.004 -26"><span class='ocrx_word' id='word_1_190' title='bbox 280 3438 411 3522; x_wconf 89' lang='lat' dir='ltr'>quidem</span> <span class='ocrx_word' id='word_1_191' title='bbox 451 3439 602 3502; x_wconf 85' lang='lat' dir='ltr'>Plautino</span> <span class='ocrx_word' id='word_1_192' title='bbox 641 3439 790 3525; x_wconf 85' lang='lat' dir='ltr'>exemplo</span> <span class='ocrx_word' id='word_1_193' title='bbox 835 3441 922 3526; x_wconf 84' lang='lat' dir='ltr'>apud</span> <span class='ocrx_word' id='word_1_194' title='bbox 962 3441 1104 3506; x_wconf 89' lang='lat' dir='ltr'>Nonium</span> <span class='ocrx_word' id='word_1_195' title='bbox 1146 3441 1298 3508; x_wconf 79' lang='lat' dir='ltr'>restituto</span> <span class='ocrx_word' id='word_1_196' title='bbox 1343 3445 1421 3506; x_wconf 89' lang='lat' dir='ltr'>ordo</span> 
     </span>
     <span class='ocr_line' id='line_1_32' title="bbox 284 3540 438 3604; baseline 0.019 -3"><span class='ocrx_word' id='word_1_197' title='bbox 284 3540 438 3604; x_wconf 77' lang='lat' dir='ltr'>violatur:</span> 
     </span>
     <span class='ocr_line' id='line_1_33' title="bbox 504 3642 1027 3727; baseline -0.002 -21"><span class='ocrx_word' id='word_1_198' title='bbox 504 3645 703 3708; x_wconf 84' lang='lat' dir='ltr'>exanmssim</span> <span class='ocrx_word' id='word_1_199' title='bbox 740 3643 841 3708; x_wconf 84' lang='lat' dir='ltr'>Plaut.</span> <span class='ocrx_word' id='word_1_200' title='bbox 865 3642 1027 3727; x_wconf 82' lang='lat' dir='ltr'>Amphitr.</span> 
     </span>
     <span class='ocr_line' id='line_1_34' title="bbox 737 3747 1234 3826; baseline 0 -18"><span class='ocrx_word' id='word_1_201' title='bbox 737 3751 834 3808; x_wconf 85' lang='lat' dir='ltr'>Pluul.</span> <span class='ocrx_word' id='word_1_202' title='bbox 858 3748 955 3808; x_wconf 79' lang='lat' dir='ltr'>Milite</span> <span class='ocrx_word' id='word_1_203' title='bbox 974 3751 1017 3822; x_wconf 65' lang='lat' dir='ltr'>[ll.</span> <span class='ocrx_word' id='word_1_204' title='bbox 1042 3749 1105 3825; x_wconf 88' lang='grc' dir='ltr'>ΙΙΙ,</span> <span class='ocrx_word' id='word_1_205' title='bbox 1132 3748 1159 3826; x_wconf 90' lang='grc'>1,</span> <span class='ocrx_word' id='word_1_206' title='bbox 1182 3747 1234 3810; x_wconf 80' lang='grc'>31.</span> 
     </span>
     <span class='ocr_line' id='line_1_35' title="bbox 738 3842 1048 3908; baseline 0 0"><span class='ocrx_word' id='word_1_207' title='bbox 738 3845 823 3908; x_wconf 90' lang='lat' dir='ltr'>idem</span> <span class='ocrx_word' id='word_1_208' title='bbox 846 3842 1048 3908; x_wconf 84' lang='lat' dir='ltr'>Monaechm.</span> 
     </span>
     <span class='ocr_line' id='line_1_36' title="bbox 738 3942 1419 4030; baseline 0 -20"><span class='ocrx_word' id='word_1_209' title='bbox 738 3947 842 4010; x_wconf 86' lang='lat' dir='ltr'>Varro</span> <span class='ocrx_word' id='word_1_210' title='bbox 858 3944 983 4028; x_wconf 79' lang='grc' dir='ltr'><strong><em>πατρὸς</em></strong></span> <span class='ocrx_word' id='word_1_211' title='bbox 997 3942 1034 4008; x_wconf 85' lang='grc' dir='ltr'>τὸ</span> <span class='ocrx_word' id='word_1_212' title='bbox 1056 3947 1205 4030; x_wconf 74' lang='grc' dir='ltr'>παιδίου,</span> <span class='ocrx_word' id='word_1_213' title='bbox 1228 3948 1304 4028; x_wconf 77' lang='grc' dir='ltr'>περὶ</span> <span class='ocrx_word' id='word_1_214' title='bbox 1328 3949 1419 4011; x_wconf 80' lang='lat' dir='ltr'>nord.</span> 
     </span>
     <span class='ocr_line' id='line_1_37' title="bbox 737 4047 1100 4131; baseline 0.006 -20"><span class='ocrx_word' id='word_1_215' title='bbox 737 4047 824 4112; x_wconf 90' lang='lat' dir='ltr'>idem</span> <span class='ocrx_word' id='word_1_216' title='bbox 847 4059 971 4131; x_wconf 89' lang='lat' dir='ltr'>quaest.</span> <span class='ocrx_word' id='word_1_217' title='bbox 996 4047 1100 4113; x_wconf 86' lang='lat' dir='ltr'>Plaul.</span> 
     </span>
     <span class='ocr_line' id='line_1_38' title="bbox 737 4149 884 4214; baseline -0.007 0"><span class='ocrx_word' id='word_1_218' title='bbox 737 4149 884 4214; x_wconf 74' lang='lat' dir='ltr'>Plautus</span> 
     </span>
    </p>
   </div>
   <div class='ocr_carea' id='block_1_3' title="bbox 280 4372 1419 4522">
    <p class='ocr_par' dir='ltr' id='par_1_3' title="bbox 280 4372 1419 4522">
     <span class='ocr_line' id='line_1_39' title="bbox 352 4372 1419 4438; baseline -0.002 -15"><span class='ocrx_word' id='word_1_219' title='bbox 352 4375 394 4438; x_wconf 85' lang='lat'>10)</span> <span class='ocrx_word' id='word_1_220' title='bbox 414 4379 455 4424; x_wconf 89' lang='lat' dir='ltr'>cst</span> <span class='ocrx_word' id='word_1_221' title='bbox 479 4379 569 4422; x_wconf 85' lang='lat' dir='ltr'>autem</span> <span class='ocrx_word' id='word_1_222' title='bbox 593 4373 663 4422; x_wconf 84' lang='lat' dir='ltr'>haee</span> <span class='ocrx_word' id='word_1_223' title='bbox 686 4387 766 4438; x_wconf 83' lang='lat' dir='ltr'>quam</span> <span class='ocrx_word' id='word_1_224' title='bbox 790 4372 900 4438; x_wconf 83' lang='lat' dir='ltr'>profero</span> <span class='ocrx_word' id='word_1_225' title='bbox 922 4373 1063 4422; x_wconf 80' lang='lat' dir='ltr'>sententia</span> <span class='ocrx_word' id='word_1_226' title='bbox 1082 4372 1246 4424; x_wconf 81' lang='lat' dir='ltr'>Buecheleri</span> <span class='ocrx_word' id='word_1_227' title='bbox 1265 4373 1313 4436; x_wconf 88' lang='lat' dir='ltr'>qui</span> <span class='ocrx_word' id='word_1_228' title='bbox 1331 4373 1419 4424; x_wconf 88' lang='lat' dir='ltr'>locum</span> 
     </span>
     <span class='ocr_line' id='line_1_40' title="bbox 280 4457 1269 4522; baseline -0.003 -9"><span class='ocrx_word' id='word_1_229' title='bbox 280 4459 440 4514; x_wconf 79' lang='lat' dir='ltr'>Plautinum</span> <span class='ocrx_word' id='word_1_230' title='bbox 459 4457 595 4522; x_wconf 86' lang='lat' dir='ltr'>colloquio</span> <span class='ocrx_word' id='word_1_231' title='bbox 614 4457 765 4509; x_wconf 84' lang='lat' dir='ltr'>domestico</span> <span class='ocrx_word' id='word_1_232' title='bbox 784 4457 903 4521; x_wconf 85' lang='lat' dir='ltr'>benigne</span> <span class='ocrx_word' id='word_1_233' title='bbox 922 4472 1027 4508; x_wconf 81' lang='lat' dir='ltr'>mecum</span> <span class='ocrx_word' id='word_1_234' title='bbox 1048 4457 1269 4511; x_wconf 82' lang='lat' dir='ltr'>communicauil.</span> 
     </span>
    </p>
   </div>
   <div class='ocr_carea' id='block_1_4' title="bbox 0 0 1636 5196">
    <p class='ocr_par' dir='ltr' id='par_1_4' title="bbox 0 0 1636 5196">
     <span class='ocr_line' id='line_1_41' title="bbox 0 0 1636 5196; baseline 0 0"><span class='ocrx_word' id='word_1_235' title='bbox 0 0 1636 5196; x_wconf 95' lang='lat' dir='ltr'> </span> 
     </span>
    </p>
   </div>
  </div>
 </body>
</html>
