3260 5212
695 386 905 449 ,ῃ-

226 553 355 637 rantur)
378 555 515 617 alterum
538 554 640 619 libros
664 555 705 618 ab
723 553 843 618 XXVI
865 555 905 618 ad
928 553 1033 617 XXX
1056 555 1305 638 continebat30).
1333 575 1371 617 ac

226 656 356 720 Riesius
379 655 509 740 quidem
532 656 588 742 qui
610 657 706 741 primi
726 664 852 719 tantum
875 657 991 740 capitis
1015 665 1047 719 et
1070 656 1204 722 alterius
1227 658 1371 741 inspexit

226 758 358 823 ordines
381 758 415 820 in
438 757 522 820 hanc
544 757 737 822 sententiam
753 756 869 822 incidit
882 767 919 821 ut
933 757 1076 820 Nonium
1090 779 1126 820 re
1141 779 1219 822 uera
1234 757 1371 822 alterum

226 859 370 924 codicem
393 881 413 922 a
441 858 505 922 fine
534 868 711 925 retrorsum
740 860 783 924 ad
810 859 939 923 initium
969 860 1071 923 oculis
1101 859 1180 922 satis
1203 857 1371 923 uelocibus

226 961 425 1048 percurrisse
449 970 618 1025 statueret.
648 962 733 1046 quod
757 963 785 1024 si
807 961 906 1025 semel
928 961 1051 1026 factum
1074 960 1269 1042 uideremus,
1294 983 1372 1024 sane

226 1064 260 1127 id
283 1063 383 1129 Nonii
407 1062 592 1148 stupiditati
616 1064 789 1146 adsignare
811 1086 876 1128 non
892 1062 1127 1129 dubitaremus.
1157 1072 1279 1148 quanta
1294 1084 1371 1126 uero

225 1165 355 1230 insania
381 1166 409 1228 is
438 1166 533 1229 homo
560 1165 661 1228 fuerit
688 1187 821 1228 necesse
849 1174 914 1245 est,
943 1185 1038 1250 quem
1061 1164 1182 1248 ubique
1210 1164 1302 1228 uides
1325 1165 1371 1227 in-

226 1289 357 1331 uersum
380 1267 473 1330 illurn
495 1268 640 1331 ordinem
669 1266 866 1330 instituisse!
911 1266 998 1350 finge
1021 1276 1130 1330 autem
1152 1265 1293 1329 Nonium
1318 1266 1371 1329 de-

227 1369 296 1434 dita
318 1391 418 1455 opera
440 1368 586 1433 codicem
609 1390 703 1432 suum
724 1368 842 1431 iterum
867 1369 1050 1453 iterumque
1065 1366 1142 1430 inde
1157 1367 1199 1431 ab
1216 1369 1371 1431 extremis

227 1494 331 1557 usque
354 1470 397 1534 ad
418 1471 524 1556 prima
546 1470 761 1555 paruoluisse,
785 1471 842 1533 uix
858 1493 916 1534 cur
932 1469 1050 1533 Lucilii
1074 1468 1280 1555 potissimum
1303 1489 1371 1532 car-

226 1576 314 1636 mina
337 1594 490 1636 eorumne
518 1571 766 1636 commentarios
789 1583 855 1636 tam
878 1593 1031 1656 peruerse
1059 1568 1235 1657 perlegerit
1256 1572 1371 1656 proba-

224 1675 334 1739 biliter
366 1673 519 1760 explices.
573 1671 745 1738 stultitiam
778 1695 857 1738 uero
890 1682 1015 1737 tantam
1050 1682 1206 1760 quantam
1240 1673 1370 1736 Riesius

226 1779 376 1862 opinatus
405 1785 455 1840 est
481 1777 516 1838 in
549 1774 613 1838 ullo
646 1775 775 1840 homine
807 1797 878 1838 csse
906 1785 1062 1860 possent
1089 1774 1218 1838 credam
1241 1784 1369 1838 tanturn

225 1880 329 1959 abest,
352 1887 389 1942 ut
411 1900 451 1941 ne
474 1877 580 1940 Nonio
603 1877 734 1962 quidem
757 1877 912 1957 omnium,
936 1886 973 1940 ut
990 1875 1134 1957 uidetur,
1158 1876 1370 1940 hebetissime

226 2001 297 2044 eam
320 1979 497 2043 attribuere
512 1978 660 2042 audeam.
683 1978 814 2043 uidetur
829 1978 930 2043 multo
951 1979 1060 2064 potius
1076 1979 1147 2063 ipse
1169 1977 1253 2041 liber
1275 2001 1371 2064 quem

225 2081 375 2146 adhibuit
391 2081 439 2144 ita
456 2090 642 2167 compactus
662 2081 766 2144 luisse
783 2091 820 2144 ut
833 2103 871 2144 ea
882 2103 918 2144 re
935 2089 1065 2144 coactus
1079 2079 1205 2144 Nonius
1224 2081 1371 2144 ordinem

225 2205 416 2270 peruersum
453 2191 588 2247 teneret.
638 2182 704 2246 iam
740 2183 923 2246 accuratius
961 2181 1212 2267 inspicientibus
1241 2180 1370 2244 ordines

226 2285 302 2350 licet
328 2284 439 2348 mirari
468 2306 633 2370 perpauca
661 2283 810 2369 exempla
837 2285 976 2368 proferri
999 2284 1184 2363 subseciua,
1208 2284 1372 2367 pertinere

226 2410 265 2452 ea
292 2387 334 2451 ad
363 2388 538 2471 scriptores
569 2388 649 2450 satis
680 2408 816 2472 paucos,
850 2386 940 2471 ipsas
975 2386 1113 2471 denique
1135 2384 1372 2450 uocabulorum

228 2487 461 2574 explicationes
491 2488 664 2552 admodum
688 2488 805 2552 breues
829 2509 900 2552 esse
923 2510 962 2552 ac
978 2485 1092 2551 tenues
1120 2496 1158 2550 ut
1179 2487 1276 2552 facile
1299 2491 1371 2572 quis

226 2590 403 2656 crediderit
424 2588 583 2674 glossario
607 2589 715 2676 aliquo
730 2590 874 2654 Nonium
897 2611 992 2653 usum
1014 2611 1096 2652 esse.
1126 2610 1224 2673 quarn
1239 2589 1372 2674 quidem

226 2693 420 2757 sententiam
445 2691 595 2777 amplecti
618 2714 826 2778 nequaquam
849 2701 1021 2756 cunctarer
1035 2689 1099 2752 nisi
1114 2713 1197 2753 unus
1213 2687 1269 2753 ille
1284 2712 1371 2753 scru-

225 2793 321 2881 pulus
336 2802 476 2858 restaret
490 2816 587 2879 quern
601 2795 666 2858 iam
685 2816 784 2879 supra
798 2792 843 2877 (p.
856 2793 899 2858 60
910 2793 973 2879 sq.)
993 2791 1033 2855 de
1045 2791 1189 2855 Attianis
1203 2791 1371 2856 ordinibus

225 2897 329 2980 tetigi.
364 2917 463 2982 quare
483 2895 516 2959 in
533 2896 639 2959 medio
659 2894 852 2981 relinquitur
862 2896 1030 2959 cuiusnam
1044 2894 1171 2978 generis
1186 2893 1259 2957 fons
1274 2893 1372 2958 Nonii

226 2999 341 3075 fuerit3
376 3019 452 3061 nam
487 2996 747 3061 Schottmuelleri
781 2997 822 3060 de
850 2997 998 3082 uestigiis
1029 2994 1225 3082 alphabetici
1248 2996 1372 3061 ordinis

226 3101 385 3186 suspicati
400 3098 495 3162 nimis
511 3097 641 3162 infirma
656 3099 809 3162 uidentur
824 3108 1024 3183 argumenta,
1041 3120 1114 3161 cum
1129 3120 1233 3183 neque
1249 3098 1371 3162 discre-

226 3204 339 3288 pantia
360 3202 394 3264 in
416 3202 523 3286 prima
545 3202 627 3265 serie
651 3198 801 3284 exempla
823 3200 877 3264 ille
893 3202 973 3266 satis
989 3201 1172 3286 respexerit
1195 3222 1300 3285 neque
1314 3223 1372 3263 ,or-

226 3305 317 3368 dines
340 3313 522 3368 ceterorum
545 3304 688 3389 capitum
713 3300 852 3366 similem
874 3303 1055 3388 praebeant
1076 3303 1226 3389 speciem.
1263 3325 1371 3388 quem-

225 3429 351 3493 cunque
368 3426 445 3470 ucro
461 3404 582 3469 librum
598 3404 748 3469 adhibuit
762 3404 898 3485 Nonius,
921 3404 982 3470 hoc
997 3426 1062 3468 non
1078 3401 1219 3468 alienum
1242 3404 1373 3470 uidetur

225 3509 267 3572 ab
290 3530 325 3572 re
346 3507 517 3594 proposita
539 3515 576 3570 ut
597 3505 789 3590 indagemus
813 3507 856 3570 ad
879 3529 961 3592 quos
984 3507 1191 3594 potissimum
1221 3515 1371 3571 auctores

226 3609 410 3674 referantur
432 3630 471 3673 ea
494 3631 576 3695 quae
597 3607 632 3673 in
653 3607 834 3672 Lucilianis
858 3608 1028 3672 ordinibus
1047 3607 1177 3692 scripsit
1200 3609 1269 3671 siue
1290 3608 1372 3693 ipsis

225 3735 303 3776 usus
326 3720 376 3775 est
398 3710 468 3775 siue
490 3709 626 3774 aliorum
645 3731 746 3795 opera
768 3720 864 3774 antea
879 3709 1073 3795 compilatis
1100 3717 1371 3774 commentatores

226 3824 334 3878 autern
355 3812 503 3877 Lucilius
526 3822 682 3897 quantum
706 3813 826 3876 scimus
849 3822 964 3876 nactus
988 3821 1038 3877 est
1060 3810 1202 3897 quinque
1222 3809 1371 3874 Laelium

226 3914 436 3996 Archelaum,
459 3913 607 3978 Vettium
629 3911 865 3994 Philocomum,
889 3913 1058 3978 Valerium
1082 3911 1255 3992 Catonem,
1278 3912 1371 3977 Pom·

225 4019 334 4104 poium
361 4016 544 4098 Lenaeum,
580 4015 733 4080 Curtium
761 4015 949 4099 Niciam³¹).
999 4017 1122 4102 primos
1159 4024 1269 4081 tamen
1305 4026 1371 4080 tres

293 4206 336 4272 30)
355 4223 385 4257 re
412 4221 477 4256 uera
501 4210 592 4256 autem
616 4206 719 4256 Lucilii
749 4207 881 4256 librorum
905 4206 957 4256 duo
981 4205 1114 4255 distincta
1137 4195 1266 4270 σωμάτια
1285 4205 1373 4256 fuisse

227 4292 291 4341 aliis
310 4292 480 4357 argumentis
498 4291 579 4340 nixus
598 4291 793 4342 Lachmannus
812 4291 866 4340 iam
885 4292 971 4341 euicit
988 4293 1017 4339 in
1036 4292 1267 4340 commentatione
1286 4289 1372 4340 indici

225 4376 374 4426 lectionum
394 4375 485 4429 Berol¹
505 4375 658 4440 praemissa
677 4377 806 4441 editaque
825 4393 890 4426 uere
910 4377 976 4425 anni
996 4376 1069 4425 1849.

293 4459 336 4524 31)
356 4467 387 4511 nt
405 4462 437 4510 L.
451 4461 603 4512 Muellerus
616 4461 649 4510 de
664 4477 692 4510 re
705 4467 783 4513 metr.
798 4478 823 4526 p.
837 4463 887 4511 397
898 4477 939 4524 sq.
955 4467 1029 4510 recte
1046 4461 1196 4510 coniecerit
1214 4459 1286 4525 apud
1304 4460 1372 4510 Hie-

224 4561 364 4610 ronymum
376 4545 501 4611 (apolog.
522 4547 550 4596 in
564 4544 653 4598 Rufin.
663 4547 677 4596 I
687 4563 713 4610 p.
725 4543 786 4610 397)
802 4547 947 4612 legendum
959 4560 1019 4594 esse
1033 4549 1074 4594 ‘et
1087 4544 1200 4594 aliorum
1213 4541 1286 4610 [scil.
1300 4561 1371 4594 com-
