3262 5196
685 361 891 426 ..37ss

213 560 376 624 perpauca
397 535 521 599 adferri
544 556 646 618 eaque
670 531 859 620 plerumque
883 555 924 594 ex
948 531 994 595 eis
1019 531 1234 615 scriptoribus
1258 533 1361 616 petita

210 661 350 726 quorum
365 636 560 702 testimoniis
576 635 656 698 alias
672 635 802 700 ordines
819 633 1016 714 efficiuntur,
1040 642 1077 696 ut
1093 631 1232 697 Nonium
1251 634 1360 718 ipsum

213 765 251 804 ea
264 739 435 804 addidisse
446 761 511 803 non
524 760 657 824 prorsus
670 734 862 801 incredibile
877 735 1039 799 uideatur.
1055 774 1090 780 —-
1109 732 1214 798 Aliter
1226 758 1277 798 res
1290 759 1361 798 sese

212 843 312 906 habet
339 841 372 904 in
402 840 516 906 urdine
544 839 599 904 illo
629 862 660 924 p.
683 839 754 911 224,
784 838 826 900 30
853 859 948 922 quom
981 836 1097 900 maiori
1129 838 1360 900 commentario

212 943 431 1008 attribuimus.
469 943 516 1007 ibi
532 940 616 1006 onim
632 940 743 1027 priora
765 940 830 1004 duo
854 938 1008 1004 lemmata
1024 937 1155 1022 (schemo
1177 951 1209 1004 et
1229 940 1359 1021 scrobes)

211 1046 312 1111 ternis
340 1043 545 1109 illustrantur
577 1041 735 1128 exemplis
759 1041 957 1118 subseciuis‚
988 1041 1122 1106 tortium
1151 1051 1260 1105 autom
1283 1064 1358 1106 uno.

214 1147 361 1214 ordinem
391 1146 530 1232 denique
558 1144 782 1230 exemplorum
811 1142 1035 1207 Plautinorum
1064 1165 1097 1228 p.
1125 1143 1204 1223 543,
1241 1144 1258 1206 7
1288 1165 1357 1229 sqq.

212 1249 401 1336 perfectiori
435 1245 666 1312 commentario
700 1245 841 1310 Nonium
875 1245 1029 1310 debuisse
1056 1253 1230 1330 propterea
1262 1267 1358 1309 nemo

212 1352 347 1436 negabit
370 1350 448 1435 quia
470 1347 503 1410 in
526 1346 687 1432 principio
711 1347 828 1432 capitis
851 1345 982 1431 legitur.

295 1453 387 1516 Haec
409 1459 519 1514 autem
542 1448 679 1513 sirecte
702 1448 941 1534 disputauinrus
958 1471 1022 1513 non
1048 1448 1112 1510 iarn
1136 1447 1357 1513 dubitabimus

211 1555 252 1619 de
280 1554 327 1618 eis
357 1552 519 1617 lemmatis
551 1548 687 1633 singulis
721 1571 805 1634 quae
839 1572 938 1634 supra
964 1570 1023 1634 pro
1051 1549 1221 1614 ordinibus
1251 1551 1359 1636 posita

211 1681 284 1722 esso
307 1653 539 1740 comprobasse
561 1652 655 1715 nobis
679 1650 837 1714 uidemur.
883 1674 1043 1715 necuere
1067 1651 1148 1714 nihil
1171 1653 1288 1715 attinet
1303 1651 1357 1714 ad-

213 1761 299 1824 ferre
322 1756 482 1842 exempla.
529 1753 563 1816 in
585 1751 718 1816 alterius
742 1752 857 1836 eapitis
881 1751 991 1818 littera
1014 1753 1041 1817 B
1063 1753 1138 1817 inde
1164 1775 1184 1816 a
1206 1752 1358 1816 lemmate

213 1860 259 1924 VI
283 1856 451 1944 usquead
474 1853 559 1920 VIII
582 1853 755 1918 uerborum
785 1859 864 1918 ordo
893 1853 1020 1938 legitur,
1045 1857 1191 1939 sequitur
1219 1860 1357 1919 brriulure

212 1960 326 2024 lemma
341 1958 450 2023 Plauti
467 1957 652 2022 testimonio
667 1955 772 2040 (Asin.
782 1955 845 2036 III,
859 1959 888 2036 3,
899 1956 952 2040 70)
976 1955 1186 2038 illustratum,
1203 1956 1357 2020 lemmata

217 2063 249 2126 X
270 2071 301 2126 et
321 2061 374 2126 XI
397 2058 549 2144 exempla
571 2058 731 2143 praebent
746 2080 763 2120 c
778 2056 939 2122 Varronis
963 2059 1083 2122 saturis
1107 2056 1246 2143 simplici
1263 2058 1357 2122 titulo

213 2163 386 2248 inscriptis.
431 2160 502 2245 quis
539 2160 640 2244 igitur
675 2158 841 2224 dubitabit
867 2160 946 2244 quin
976 2165 1115 2224 baiulare
1148 2158 1264 2223 lemma
1291 2185 1355 2224 non

211 2264 314 2330 solum
342 2286 400 2352 pro
430 2262 544 2326 ordino
572 2259 799 2345 accipiendum
832 2261 876 2324 sit
903 2261 960 2325 sed
983 2263 1081 2325 etiam
1104 2283 1146 2325 ex
1173 2259 1355 2326 altoreille

210 2367 342 2431 fluxerit
365 2363 596 2429 commentario
621 2363 789 2426 tenuiore?
824 2363 909 2425 idem
932 2361 1028 2428 cadet
1051 2362 1083 2425 in
1104 2385 1215 2441 petrus
1238 2361 1355 2430 lemma

210 2471 256 2556 (p.
282 2469 352 2545 118,
377 2466 432 2551 26)
456 2466 541 2529 inter
564 2462 718 2528 Tulliana
740 2472 773 2528 et
794 2463 1001 2530 Varroniana
1023 2464 1164 2552 positum
1177 2513 1185 2545 ,
1208 2467 1242 2528 in
1265 2473 1354 2544 uolup

209 2573 255 2656 (p.
276 2570 344 2651 187,
360 2570 396 2652 4)
419 2567 559 2654 positum
575 2567 661 2630 inter
682 2564 857 2630 Luciliano
879 2566 1030 2652 exempla
1052 2590 1069 2630 e
1092 2567 1184 2632 libris
1208 2567 1353 2630 XXX—-

207 2670 323 2736 XXVI
348 2670 452 2755 petita
494 2679 526 2733 et
567 2667 788 2734 Varronianas
833 2678 961 2733 saturas
999 2667 1141 2754 simplici
1183 2669 1278 2734 titulo
1307 2669 1353 2732 in·

206 2774 353 2860 scriptas.

291 2875 341 2938 De
364 2897 428 2938 uno
452 2872 565 2937 ordine
588 2871 663 2936 inde
686 2893 706 2934 a
728 2894 761 2957 p.
783 2870 858 2951 453,
882 2871 923 2935 23
947 2894 1018 2957 sqq.
1039 2894 1075 2936 re
1097 2894 1177 2937 uera
1200 2873 1352 2940 dubitare

205 2977 322 3066 possis.
367 2985 514 3040 extremo
538 2973 623 3037 enim
647 2972 798 3038 lemmate
821 2983 959 3058 excepto
985 2973 1095 3037 omnia
1117 2975 1267 3062 exempla
1289 2979 1352 3062 pri-

205 3079 349 3142 mariae
372 3076 477 3141 tribus
499 3075 613 3162 primis
641 3075 763 3140 fabulis
787 3075 960 3160 desumpta
983 3085 1074 3156 sunt,
1103 3088 1139 3141 ut
1162 3087 1248 3143 totus
1272 3077 1351 3143 ordo

205 3179 301 3244 ualde
325 3178 480 3242 minorem
504 3177 649 3241 redoleat
664 3176 942 3259 commentarium,
959 3177 1154 3263 praesertim
1169 3201 1242 3242 enm
1259 3202 1350 3265 prae-

206 3292 255 3346 ter
277 3303 375 3346 unum
398 3278 624 3364 Vergilianum
649 3280 690 3362 (s.
714 3301 746 3342 u.
766 3278 899 3358 sertum)
929 3290 961 3343 et
983 3280 1046 3344 dno
1075 3279 1227 3344 Plautina
1255 3280 1295 3364 (s.
1318 3305 1350 3345 u.

206 3388 351 3452 deuorari
370 3393 403 3447 et
417 3381 578 3466 malitiam)
603 3380 776 3446 subseciua
791 3381 941 3468 exempla
956 3382 1023 3445 sint
1037 3380 1136 3445 nulla.
1168 3393 1351 3468 repugnant

206 3495 312 3552 tamen
340 3483 415 3548 huic
443 3482 490 3546 rei
518 3492 700 3546 extromum
730 3482 847 3546 lemma
876 3484 1033 3567 (rostrum)
1063 3484 1213 3569 exemplo
1236 3507 1253 3548 e
1276 3485 1351 3550 Mo-

205 3587 370 3652 naeehmis
386 3585 489 3671 petito
505 3583 705 3650 illustratum
723 3585 932 3670 (quamquam
954 3583 1016 3649 hoe
1039 3583 1156 3649 lemma
1179 3608 1256 3651 casu
1273 3607 1349 3672 quo-

205 3690 280 3754 dam
303 3686 410 3752 ordini
437 3696 598 3751 assertum
625 3709 696 3752 esse
719 3689 841 3773 potest)
866 3697 899 3752 et
919 3686 1010 3751 loeus
1038 3686 1109 3772 ipse
1131 3707 1195 3771 quo
1223 3689 1349 3772 positus

203 3801 254 3856 cst
277 3789 357 3856 ordo
381 3787 439 3873 (cf.
451 3787 624 3873 tabulam).
647 3811 711 3875 qua
733 3812 767 3854 re
791 3789 832 3854 de
854 3790 916 3854 hac
937 3789 1068 3875 quidem
1091 3787 1175 3853 serie
1195 3786 1349 3875 relinqui-

204 3903 259 3958 tur
282 3889 454 3956 dubitatio.

287 3994 400 4080 Neque
423 3993 579 4058 debemus
604 3992 734 4059 silentio
750 3995 930 4080 praeterire
944 3992 1075 4058 fabulas
1090 3993 1155 4058 nisi
1169 3993 1347 4058 Varronia-

202 4121 262 4163 nas
287 4120 368 4184 quas
390 4106 510 4162 uocant
532 4096 567 4159 in
582 4095 753 4162 ordinibus
776 4095 900 4161 adferri
922 4094 1029 4159 nullas
1052 4116 1157 4180 neque
1179 4094 1275 4160 aliter
1291 4119 1346 4160 eas

203 4223 275 4266 sese
296 4201 448 4285 excipere
470 4208 568 4283 atque
590 4221 632 4262 ex
654 4197 836 4262 litterarum
859 4197 984 4279 ordine,
1006 4195 1094 4260 unde
1116 4195 1294 4260 uerisimile
1310 4197 1347 4262 fit

202 4302 302 4367 Nonii
324 4311 475 4366 auctores
499 4298 649 4364 Varrone
672 4299 866 4364 recentiores
889 4299 1003 4364 fuisse.
1033 4296 1245 4379 Mostellaria,
1262 4298 1346 4362 Mer-

203 4411 309 4487 cator,
337 4401 509 4466 Vidularia
536 4400 668 4465 fabulae
690 4423 852 4486 nusquam
881 4399 952 4465 loeo
975 4400 1129 4486 primario
1152 4398 1347 4463 adferuntur

201 4528 306 4592 neque
328 4514 437 4570 tamen
460 4503 573 4568 dubito
590 4504 668 4589 quin
684 4526 740 4568 eae
757 4525 896 4588 quoquo.
924 4503 956 4565 in
974 4501 1205 4566 commentario
1222 4500 1361 4567 maiore.
