3260 5212
732 349 964 412 -114-

459 521 489 584 2.
511 530 611 605 ueget
833 521 989 604 Pompon.
1013 517 1137 582 Maiali.

834 622 960 685 Ennius
984 620 1173 684 Ambracia.
1202 691 1205 696 ,

834 723 939 786 Varro
961 721 1083 786 Manio.

831 823 920 888 idem
944 818 1021 898 ὄνος
1043 815 1158 908 λύρας.

458 931 487 993 3.
511 929 735 993 uerecundum
834 926 942 990 Plaut.
966 926 1085 1010 Amph.

457 1034 488 1096 4.
511 1053 614 1095 uenor
833 1029 960 1093 Ennius
983 1027 1115 1093 Nemea.

358 1253 459 1317 Recte
483 1252 567 1315 uidit
590 1251 720 1314 Riesius
740 1251 918 1315 uerborum
940 1250 999 1312 hae
1023 1251 1124 1313 series
1152 1260 1228 1335 post
1249 1249 1423 1314 Luciliano.

272 1353 463 1442 plerumque
491 1355 614 1439 positas
643 1375 713 1416 esse
742 1361 774 1416 et
801 1375 842 1416 ne
870 1351 931 1415 hoc
959 1351 1091 1436 quidem
1118 1373 1313 1438 quemquam
1334 1353 1421 1436 fugit

272 1466 348 1543 post
368 1457 458 1542 ipsas
480 1455 602 1540 ubique
624 1453 692 1518 fere
716 1452 945 1518 aduerbiorum
966 1452 1082 1516 inferri
1110 1452 1253 1518 ordines.
1298 1476 1363 1539 qua
1384 1476 1419 1517 re

271 1560 381 1644 grauis
404 1559 507 1622 oritur
529 1557 671 1642 suspicio
694 1577 711 1619 e
733 1556 825 1620 fonte
846 1577 902 1618 eas
930 1553 1065 1617 fluxisse
1087 1575 1106 1616 a
1129 1555 1246 1618 ceteris
1275 1554 1428 1620 diuerso·

272 1659 409 1724 offendit
431 1660 518 1724 enim
547 1658 635 1745 quod
660 1657 714 1722 hic
742 1680 808 1721 non
830 1678 872 1720 ex
901 1655 997 1719 unius
1028 1656 1196 1741 scriptoris
1220 1657 1321 1744 copiis
1345 1677 1418 1721 con·

272 1770 381 1846 gestos
406 1762 535 1826 ordines
558 1760 717 1824 habemus
739 1781 854 1822 uerum
877 1758 924 1821 ita
945 1757 1114 1824 institutos
1137 1766 1175 1822 ut
1196 1759 1300 1844 magis
1324 1781 1418 1822 uoca-

271 1863 422 1929 bulorum
445 1884 528 1948 quae
549 1869 733 1927 tractantur
754 1881 852 1945 quam
875 1858 1043 1945 scriptoris
1059 1860 1115 1946 qui
1130 1859 1250 1927 citatur
1270 1861 1305 1923 in
1327 1862 1419 1924 testi-

271 1965 416 2029 monium
438 1964 521 2029 ratio
544 1962 714 2027 habeatur.
750 1962 779 2024 is
790 1961 903 2051 *igitur
925 1984 988 2047 quo
1003 1961 1127 2025 Nonius
1142 1985 1222 2025 usus
1238 1971 1288 2026 est
1303 1973 1419 2028 auctor

271 2067 372 2131 uerba
395 2087 477 2152 quae
506 2065 582 2127 miri
610 2063 734 2148 ahquid
763 2063 833 2126 siue
862 2062 1097 2147 significatione
1126 2064 1196 2128 siue
1219 2064 1324 2128 forma
1345 2063 1420 2149 ipsa

270 2189 406 2253 praese
434 2166 574 2249 ferrent,
605 2189 622 2230 e
657 2165 758 2228 uariis
788 2164 1003 2250 scriptoribus
1033 2165 1284 2252 conquisiuerat.
1329 2165 1418 2251 quod

273 2269 481 2352 uehementer
502 2290 562 2332 nos
590 2266 764 2331 admonere
792 2265 925 2329 uidetur
952 2265 1154 2350 glossatoris.
1199 2289 1304 2354 neque
1326 2268 1417 2332 deest

271 2370 360 2456 quod
388 2369 524 2434 adiuuet
550 2368 635 2432 hanc
658 2368 864 2432 sententiam.
909 2368 980 2430 ueri
1003 2369 1089 2432 enim
1112 2367 1286 2433 admodum
1310 2368 1416 2432 simile

270 2480 320 2535 est
330 2471 473 2535 Nonium
487 2469 676 2535 adhibuisse
692 2468 813 2533 librum
830 2469 1034 2554 alphabetico
1052 2469 1166 2534 ordine
1178 2469 1413 2555 conscriptum,

270 2574 355 2659 quod
378 2573 405 2636 si
427 2573 561 2636 nonita
583 2579 684 2652 esset,
712 2571 904 2634 miraremur
930 2569 1076 2656 profecto
1100 2571 1187 2656 quod
1215 2571 1346 2636 ordines
1368 2571 1414 2634 illi

271 2675 411 2738 maxime
433 2675 467 2738 in
490 2695 527 2738 eo
550 2673 656 2758 capite
673 2680 741 2736 tam
757 2671 847 2756 longi
863 2682 976 2736 extant
992 2682 1024 2736 et
1039 2673 1180 2755 extensi,
1205 2673 1293 2760 quod
1307 2673 1415 2760 ipsum

269 2800 311 2840 ex
337 2776 521 2842 litterarum
549 2776 660 2839 ordine
688 2775 814 2840 Nonius
843 2774 992 2859 digessit.
1037 2774 1115 2858 quin
1143 2775 1171 2839 si
1198 2774 1288 2838 illam
1316 2775 1414 2859 primi

268 2880 385 2964 capitis
419 2882 533 2942 seriem
566 2877 750 2940 accuratius
783 2876 964 2961 inspexeris
971 2922 980 2956 ,
1015 2877 1120 2960 magis
1154 2877 1254 2940 etiam
1286 2899 1413 2942 mecum

268 2981 401 3044 senties.
445 2978 573 3043 duobus
603 2978 689 3042 enim
718 2985 868 3042 incerare
895 2988 928 3042 et
950 2984 1128 3058 uituperare
1155 2976 1316 3042 lemmatis
1339 2980 1413 3044 sub-

268 3081 373 3145 ductis
409 3080 457 3142 sic
484 3079 633 3162 singulae
661 3077 790 3163 glossae
818 3079 1014 3164 procedunt:
1053 3085 1257 3163 condepsere,
1287 3085 1411 3159 ordire,

265 3188 387 3267 pilare,
422 3187 593 3266 populare,
622 3186 756 3264 rubere,
784 3185 1001 3262 supersedere,
1030 3186 1190 3257 titinaire,
1220 3190 1412 3268 ucrmr'rrarr'.

266 3284 430 3368 glossator
452 3292 559 3347 autem
588 3283 659 3347 siue
687 3305 729 3348 ex
754 3282 835 3368 ipsis
864 3282 1077 3368 scriptoribus
1106 3285 1176 3348 siue
1205 3307 1222 3348 e
1250 3308 1411 3351 commen-

267 3385 357 3451 tariis
382 3383 574 3470 compilauit
602 3383 804 3466 testimonia,
827 3393 956 3448 ueteres
979 3387 1210 3470 grammaticos
1233 3409 1297 3452 non
1318 3411 1412 3474 repu-

266 3486 373 3550 diasse
394 3486 536 3569 uidetur,
560 3487 712 3572 quoniam
735 3487 769 3549 in
783 3485 834 3550 his
850 3507 978 3572 quoque
993 3485 1162 3553 ordinibus
1179 3511 1276 3575 saepe
1291 3489 1410 3570 Verrii,

266 3588 380 3669 Probi,
414 3586 531 3668 Plinii,
564 3585 680 3673 Capri,
715 3586 852 3652 aliorum
881 3588 1026 3653 cernitur
1055 3589 1218 3674 doctrina,
1248 3592 1340 3655 cuius
1362 3593 1410 3654 rei

264 3689 461 3773 grauissima
483 3687 631 3752 adferam
652 3689 783 3755 indicia..

264 3908 348 3973 Non.
371 3932 403 3994 p.
426 3908 479 3990 39,
502 3909 554 3971 21.
600 3914 703 3973 ordire
724 3923 768 3974 ese
786 3930 907 3989 ponere,
931 3919 1074 3994 recepere.
1098 3936 1125 3978 e.
1150 3937 1182 4000 q.
1203 3938 1229 3978 s.

263 4010 352 4074 Fest.
376 4032 407 4095 p.
433 4009 504 4073 185.
546 4015 645 4073 ordr'rr'
670 4024 713 4076 est
739 4019 787 4076 rer'
807 4019 991 4094 principium
1017 4019 1125 4091 secere
1158 4022 1238 4079 uude
1266 4029 1294 4080 et
1321 4029 1409 4096 toque

389 4122 537 4176 uocantur
559 4118 699 4176 exordia.

261 4331 346 4398 Non.
370 4354 402 4418 p.
427 4333 477 4406 97,
503 4333 551 4397 14.
597 4339 724 4414 danunt,
749 4341 835 4400 dart.
868 4360 896 4401 e.
922 4360 952 4424 q.
976 4361 1001 4402 s.

261 4433 352 4499 Paul.
376 4457 408 4522 p.
432 4435 484 4498 68.
529 4439 653 4515 danunt,
678 4442 761 4500 daut.
