3262 5196
195 551 406 638 proferuntur
449 573 512 637 quo
551 552 638 638 apud
675 553 783 638 ipsum
820 553 1012 639 scriptorem
1054 562 1141 617 sunt.
1198 572 1338 639 namque

194 653 469 740 perlustrantibus
498 653 591 717 nobis
620 677 730 717 omncs
759 653 891 717 ordines
920 656 1104 741 quicunque
1133 677 1191 740 per
1218 653 1338 720 librum

195 755 380 819 Nonianum
402 764 526 834 extant,
549 777 682 840 perraro
705 766 881 821 occurrunt
903 757 1088 820 testimonia
1103 757 1173 821 loco
1190 756 1231 820 ab
1252 757 1338 821 iusto

195 857 307 920 ordine
333 855 439 919 alieno
469 859 586 941 posita.
631 859 724 922 cuius
747 859 794 921 rei
816 869 852 921 ut
874 879 978 942 pauca
1000 857 1147 922 adferam
1177 856 1338 943 exempla,

195 967 286 1022 extat
308 957 383 1036 inde
399 980 419 1020 a
432 957 553 1042 pagina
567 959 638 1038 541,
655 959 696 1022 28
712 959 757 1022 M.
775 959 884 1023 breuis
901 958 986 1022 ordo
1003 958 1225 1045 exemplorum
1241 958 1338 1021 Plau-

196 1059 338 1123 tinorum
361 1058 465 1144 hiep:

439 1167 546 1226 limbus
614 1161 721 1225 Plaut.
747 1160 855 1226 Aulul.
878 1162 942 1244 ΙΙΙ,
965 1163 995 1242 5,
1018 1162 1071 1225 45.

320 1311 322 1313 -
436 1269 592 1340 flammeus
614 1261 721 1328 Plaut.
744 1262 855 1327 Aulul.
879 1262 943 1345 ΙΙΙ,
966 1265 996 1345 5,
1020 1264 1072 1327 36.

196 1363 307 1427 mirari
336 1363 389 1426 bic
423 1364 512 1443 licet,
543 1364 629 1449 quod
662 1373 777 1428 uersus
814 1365 897 1448 (ΙΙΙ,
920 1367 956 1447 5,
979 1365 1035 1450 36)
1069 1365 1157 1450 apud
1185 1365 1338 1429 Plautum

195 1465 302 1550 priore
329 1463 401 1529 loco
430 1467 556 1548 positus
585 1468 800 1553 posteriorem
827 1489 959 1530 uersum
982 1468 1129 1552 sequitur
1150 1467 1185 1529 in
1214 1465 1337 1531 ordine.

195 1565 283 1650 quod
299 1565 429 1651 quidem
450 1589 647 1653 quamquam
663 1590 741 1630 casu
756 1567 878 1631 factum
896 1590 968 1630 esse
982 1564 1078 1630 facile
1095 1578 1212 1653 potest,
1227 1570 1337 1631 nescio

194 1675 303 1730 tamen
327 1689 368 1730 an
391 1689 492 1731 eausa
514 1690 573 1732 cur
595 1667 743 1732 hocloco
760 1668 945 1732 testimonia
961 1679 1075 1732 contra
1091 1670 1191 1751 legem
1209 1668 1336 1732 solitam

194 1777 388 1853 sequantur,
413 1770 455 1832 ab
477 1769 551 1854 ipsa
572 1779 700 1851 textus,
724 1791 818 1854 quem
843 1769 972 1851 dieunt,
996 1771 1102 1834 forma
1125 1771 1193 1833 eius
1217 1769 1337 1834 Plauti-

194 1892 309 1932 narum
325 1869 511 1934 fabularum
527 1869 677 1934 editionis
692 1871 870 1956 repetenda
886 1871 936 1952 sit,
954 1894 1018 1956 qua
1040 1872 1110 1935 siue
1125 1872 1195 1956 ipse
1211 1871 1337 1935 Nonius

196 1971 264 2034 siue
298 1971 367 2034 eius
401 1981 512 2034 auctor
545 1994 625 2035 usus
659 1971 799 2036 uidetur.
844 1972 887 2035 ad
922 1993 1017 2058 quam
1048 1972 1266 2057 suspicionem
1299 1995 1337 2036 eo

195 2075 297 2154 magis
321 2072 433 2136 trahor
455 2072 544 2158 quod
566 2075 673 2158 capite
698 2074 780 2137 XVI
810 2073 895 2136 idem
918 2096 1033 2137 uersus
1064 2072 1233 2137 Plautinus
1258 2072 1336 2154 (ΙΙΙ,

193 2175 225 2254 5,
241 2175 296 2258 36)
320 2181 395 2258 post
409 2196 540 2237 uersum
554 2176 595 2238 47
613 2176 760 2239 adfertur
776 2177 807 2239 in
825 2175 917 2238 breui
940 2173 995 2237 illo
1012 2175 1126 2237 ordine
1142 2198 1173 2260 p.
1189 2176 1261 2256 549,
1278 2175 1334 2238 25:

372 2282 375 2287 ’
440 2290 564 2339 crocala
593 2275 699 2339 Plaut.
725 2276 835 2340 Aulul.
861 2277 924 2356 ΙΙΙ,
946 2277 977 2357 5,
1000 2277 1053 2340 47.

420 2383 570 2441 -ru'olucr'a
593 2377 697 2444 Plaut.
725 2376 835 2442 Aulnl.
860 2379 924 2456 Ill,
947 2379 978 2458 5,
1001 2379 1053 2442 35.

193 2479 239 2543 Ut
258 2480 290 2542 in
308 2479 467 2543 Plautinis
484 2479 654 2542 ordinibus
670 2479 837 2564 paulisper
852 2481 1069 2559 immoremur,
1086 2479 1201 2564 incipit
1216 2501 1248 2564 p.
1264 2481 1336 2559 539,

196 2583 232 2642 ll
257 2587 366 2658 reqlllu
390 2580 489 2644 series
513 2579 701 2644 lemmatum
724 2603 808 2666 quae
831 2579 989 2666 exemplis
1013 2603 1055 2644 ex
1079 2581 1218 2665 Epidico
1241 2578 1335 2642 Plau-

192 2683 264 2746 tina
285 2681 487 2767 depromptis
515 2680 730 2745 illustrantur.
775 2705 858 2745 unus
887 2705 1002 2746 uersus
1032 2683 1090 2766 (ΙΙ,
1115 2681 1145 2762 2,
1176 2681 1232 2764 48)
1256 2703 1282 2744 s.
1305 2704 1335 2744 u.

193 2791 260 2847 rica
283 2805 321 2848 eo
345 2782 414 2848 loco
437 2783 586 2847 adfertur
608 2805 672 2868 quo
695 2783 837 2848 nondum
856 2792 1058 2869 expectatur,
1082 2783 1229 2869 sequitur
1251 2782 1336 2844 enim

195 2907 219 2949 s.
245 2908 278 2948 ιι.
307 2890 466 2949 caesiciam
498 2907 612 2949 uersus
637 2886 688 2967 ΙΙ,
718 2885 748 2965 2,
778 2885 830 2948 46.
875 2907 980 2969 neque
1013 2884 1095 2947 adeo
1129 2883 1244 2947 mirum
1277 2884 1337 2947 hoc

194 2986 374 3066 uidebitur,
403 2986 431 3048 si
460 2985 675 3073 propinquam
702 2984 832 3049 illorum
862 3007 1016 3048 uersuum
1044 2985 1246 3049 uicinitatem
1270 2985 1336 3070 (39.

193 3088 246 3150 46.
268 3088 320 3154 47.
344 3088 396 3151 48.
419 3086 475 3172 49)
499 3088 579 3150 satis
602 3087 797 3173 respexeris
841 3097 951 3150 textus
974 3094 1081 3149 autem
1107 3087 1246 3150 formam
1267 3090 1336 3149 eius

195 3187 286 3270 libri,
319 3211 361 3252 ex
389 3211 453 3280 quo
480 3190 580 3252 series
613 3188 669 3252 illa
691 3186 914 3253 Plautinorum
948 3186 1168 3273 exemplorum
1202 3186 1337 3250 fluxisse

194 3290 336 3371 uidetur,
360 3311 493 3354 causam
516 3291 618 3353 fuisse
634 3289 757 3357 ordinis
773 3290 919 3376 peruersi
942 3299 1115 3374 propterea
1131 3289 1336 3378 negabimus,

85 3427 91 3436 ·
194 3391 281 3478 quod
303 3394 336 3456 in
353 3390 465 3454 eadem
481 3391 564 3454 serie
579 3391 689 3477 paullo
705 3391 793 3454 infra
808 3391 849 3474 (s.
866 3415 898 3455 ιι.
914 3391 1095 3474 supparum)
1118 3390 1206 3453 idern
1221 3412 1336 3453 uersus

195 3494 289 3557 solito
323 3514 412 3556 more
446 3492 551 3556 ordini
585 3493 750 3556 inseritur.
801 3492 951 3556 similiter
988 3513 1040 3554 res
1072 3513 1144 3554 sese
1175 3491 1275 3556 habet
1303 3492 1336 3554 in

195 3597 308 3659 ordine
335 3592 488 3666 Plautino
515 3616 548 3679 p.
575 3594 649 3675 548,
674 3595 692 3658 7
716 3615 787 3678 sqq.
819 3592 876 3655 ubi
905 3592 1012 3656 Plaut.
1042 3591 1139 3676 Epid.
1170 3591 1214 3672 ΙΙ,
1237 3593 1271 3672 2,
1294 3592 1336 3655 49

196 3695 236 3779 (s.
258 3719 292 3758 u.
323 3697 487 3780 carmelitis)
522 3705 597 3758 ante
629 3716 760 3758 uersum
794 3694 840 3776 II,
863 3695 895 3776 2,
917 3693 961 3757 40
998 3693 1039 3778 (s.
1068 3715 1100 3755 u.
1128 3695 1335 3778 implacatus)

194 3796 358 3880 adfertur3
382 3796 470 3860 idem
492 3818 606 3860 uersus
622 3797 664 3860 49
679 3819 704 3858 s.
721 3818 752 3859 u.
768 3802 922 3860 eserinam
938 3804 1014 3880 apte
1037 3794 1182 3880 sequitur
1204 3816 1335 3857 uersum

193 3900 233 3962 47
259 3901 297 3981 (s.
319 3922 353 3961 u.
374 3897 541 3980 caltulam).
584 3898 743 3963 similibus
765 3897 869 3960 modis
891 3919 999 3982 pauca
1018 3893 1076 3959 illa
1097 3891 1283 3960 testimonia
1303 3895 1334 3957 in

194 4000 310 4064 ceteris
333 3999 503 4063 ordinibus
526 3999 596 4063 loco
619 3999 724 4063 alieno
746 4000 856 4085 posita
878 3998 1072 4084 explicanda
1094 4006 1199 4078 crunt,
1225 4019 1335 4083 quam-

169 4084 290 4188 ⁶qnam
313 4099 384 4165 aliis
413 4099 493 4164 locis
522 4100 644 4165 frustra
672 4101 870 4186 quaesiueris
899 4099 1062 4185 quomodo
1090 4098 1213 4163 facturn
1237 4100 1279 4162 sit
1300 4101 1353 4162 ut⁰

193 4204 272 4266 ordo
295 4200 475 4266 uiolaretur
494 4203 586 4266 uelut
608 4203 641 4264 in
664 4203 777 4266 ordine
801 4202 1025 4286 exemplorum
1049 4199 1335 4262 Ciceronianorum

194 4328 226 4389 p.
252 4305 327 4368 118:

262 4445 289 4506 ὁ)
309 4457 423 4492 reuera
446 4443 518 4492 hunc
544 4459 604 4494 esse
628 4443 749 4492 ordinem
775 4460 808 4494 ex
828 4444 867 4492 eis
887 4442 1006 4508 patebit,
1031 4455 1101 4506 quae
1120 4440 1194 4492 inlra
1213 4439 1247 4492 de
1266 4457 1335 4492 com·

193 4528 329 4591 positione
349 4526 518 4592 singulorum
539 4529 658 4592 capitum
680 4528 744 4576 mibi
764 4527 928 4592 explicanda
944 4532 1032 4576 erunt.

1094 4611 1133 4669 1ss
