3260 5212
738 357 968 424 -130—

281 529 359 595 dum
382 528 491 594 aute'm
513 529 733 594 intelleximus
763 530 921 615 primaria
949 528 1098 615 exempla
1126 550 1191 592 non
1218 549 1291 592 raro
1322 527 1425 592 altcro

282 633 412 696 demum
435 631 504 694 loco
528 631 661 695 adferri.
706 631 899 716 Marciporis
928 640 1036 695 autem
1064 632 1283 695 testimonium
1312 631 1341 695 si
1362 631 1426 715 pri·

283 734 422 798 marium
446 733 610 815 habueris,
633 731 725 797 nulla
747 733 787 796 de
810 733 923 797 ordine
946 732 1130 799 admittitur
1153 732 1324 799 dubitatio.
1361 735 1426 795 iam

282 837 310 900 si
332 859 365 920 p.
390 835 466 917 179,
496 835 608 921 bsqq.
642 833 742 917 Ἕχω,
761 849 814 916 σε’,
845 833 922 914 περὶ
951 833 1051 917 τύχης
1079 844 1111 898 et
1131 831 1263 917 ’Ἁμμον
1284 845 1425 918 perosis,

282 936 359 1020 περὶ
375 938 600 1021 φιλαργυρίας
612 945 742 1000 saturas
755 957 819 999 non
836 947 905 1000 tam
919 937 1083 1022 interponi
1100 937 1218 1001 saturis
1236 935 1428 1022 simpliciter

280 1039 446 1124 inscriptis
475 1060 573 1124 quam
601 1037 685 1101 adici
713 1038 999 1119 animaduerteris,
1030 1036 1126 1102 facile
1149 1039 1195 1102 eis
1220 1061 1303 1124 quae
1326 1061 1427 1122 supra

281 1139 322 1204 de
347 1140 498 1205 ordinum
521 1139 754 1225 compositione
777 1139 1017 1224 disputauimus
1040 1139 1212 1204 adduceris
1229 1151 1265 1205 ut
1281 1141 1322 1206 ab
1338 1141 1425 1205 iusto

281 1243 395 1306 ordine
417 1240 735 1306 illas·secemendas
768 1263 839 1305 esse
868 1243 1038 1306 concedas.
1082 1264 1182 1306 unum
1209 1242 1309 1326 igitur
1331 1241 1426 1306 relin-

281 1346 392 1430 quitur
425 1342 544 1407 lemma
577 1342 732 1408 abnorme
764 1365 796 1428 p.
819 1341 891 1424 492,
916 1345 935 1407 8
956 1347 1061 1424 restis,
1093 1343 1150 1407 ubi
1173 1343 1320 1420 Deuicti‚
1350 1343 1432 1426 aspi

282 1447 473 1528 φιλονικίας
501 1445 707 1508 Varroniano
734 1445 930 1510 nominatur.
980 1443 1042 1510 hoc
1070 1454 1179 1509 tamen
1206 1468 1306 1509 unum
1338 1445 1427 1530 quod

282 1548 391 1611 nescio
415 1568 478 1631 quo
503 1554 598 1630 pacto
622 1544 767 1610 ordinem
802 1546 984 1610 turbauerit
1012 1568 1128 1631 parum
1155 1546 1264 1612 ualere
1294 1567 1426 1611 consen·

280 1658 412 1712 taneum
435 1656 494 1711 est.
540 1647 708 1729 sicigitur
730 1656 821 1732 patet
849 1648 1021 1732 quaesere
1044 1653 1124 1712 ratio
1154 1649 1253 1712 fuerit
1274 1648 1426 1727 fontium,

281 1758 360 1835 quot
397 1757 526 1812 saturas
560 1756 593 1812 et
625 1769 706 1832 quas
735 1748 955 1834 praebuerint.
1005 1747 1101 1812 ualde
1135 1758 1245 1813 tamen
1272 1748 1428 1814 intricata

280 1850 361 1914 haec
384 1859 433 1912 est
455 1850 602 1934 quaestio
631 1849 724 1912 cuius
753 1849 878 1912 Nonius
906 1871 985 1912 usus
1013 1851 1055 1914 sit
1084 1848 1188 1914 libris.
1239 1873 1303 1936 qua
1331 1855 1363 1915 in
1391 1873 1427 1913 re

280 1954 437 2016 neminem
473 1952 587 2036 opinor
618 1949 724 2034 fugiet
751 1961 907 2036 quantum
937 1951 1119 2016 intercedat
1147 1953 1320 2016 discrimen
1342 1953 1429 2015 inter

288 2053 563 2118 Varronianorum
587 2051 685 2116 series
716 2060 750 2117 et
771 2051 843 2116 illas
867 2074 947 2137 quas
977 2076 1076 2138 supra
1098 2054 1348 2138 composuimus.
1391 2057 1427 2117 in

282 2155 447 2241 prioribus
485 2156 569 2218 enim
606 2154 774 2219 ordinibus
811 2175 883 2218 cum
921 2152 1144 2237 exemplorum
1180 2154 1426 2220 subseciuorum

281 2278 384 2341 paene
407 2255 511 2319 siluae
534 2276 631 2340 saepe
651 2254 818 2339 primariis
841 2254 1106 2338 adiungerentur,
1129 2257 1164 2319 in
1186 2255 1236 2328 his
1252 2257 1427 2320 subseciua

282 2380 384 2445 prope
407 2355 496 2420 nulla
527 2365 582 2420 aut
611 2355 638 2418 si
667 2377 732 2440 qua
759 2354 911 2439 leguntur
938 2379 980 2420 ex
1006 2357 1086 2442 ipsis
1114 2357 1274 2422 Varronis
1306 2360 1426 2422 saturis

282 2457 393 2523 adlata
416 2465 501 2523 sunt.
546 2477 647 2542 quare
676 2455 766 2520 fonte
793 2479 871 2520 usus
901 2457 1033 2522 uidetur
1063 2458 1189 2523 Nonius
1221 2459 1301 2522 satis
1323 2461 1425 2540 tenui,

281 2560 345 2622 nisi
368 2559 440 2646 quis
463 2559 547 2622 forte
576 2557 682 2643 ipsum
706 2566 833 2621 saturas
863 2555 981 2643 legisse
1003 2560 1127 2644 putarit
1148 2568 1181 2622 et
1209 2559 1425 2645 excerpsisse,
1459 2569 1465 2578 '

281 2662 367 2746 quod
390 2681 450 2744 ego
477 2681 543 2724 non
570 2657 679 2740 oredo,
703 2680 781 2721 nam
808 2669 885 2724 sunt
911 2661 945 2722 in
972 2660 1131 2724 Nonianis
1159 2682 1243 2745 quae
1275 2669 1425 2724 ueterum

281 2764 565 2846 grammaticorum
593 2759 853 2825 recordationem
882 2761 976 2826 nobis
1008 2761 1170 2827 incutiant
1198 2771 1234 2825 ut
1262 2783 1339 2825 sane
1372 2761 1427 2824 hic

281 2885 409 2950 quoque
444 2861 590 2925 Numida
625 2870 790 2925 auctorem
823 2861 1017 2927 iudicandus
1056 2863 1098 2926 sit
1136 2884 1207 2928 esse
1242 2871 1426 2926 assectatus

281 2963 468 3029 doctiorem.
503 2985 608 3047 neque
629 2961 888 3048 improbabiliter
909 2973 1194 3028 commentatorem
1219 2964 1426 3048 cogitaueris,

282 3085 479 3150 quamquam
502 3063 603 3126 firmis
627 3065 827 3147 argumentis
851 3083 974 3128 careas.
1000 3063 1180 3130 identidem
1204 3075 1312 3130 tamen
1327 3066 1425 3128 ctiam

280 3169 314 3230 in
346 3165 397 3228 his
430 3164 599 3229 ordinibus
633 3165 787 3250 antiquae
810 3163 977 3230 doctrinae
999 3165 1140 3231 frustula
1172 3168 1316 3253 repperi,
1345 3164 1425 3250 quid

281 3265 368 3353 quod
382 3288 614 3358 nonnunquam
629 3287 713 3351 quae
728 3266 832 3330 Varro
856 3267 926 3352 ipse
943 3267 1054 3331 docuit
1069 3267 1194 3331 Nonius
1210 3269 1264 3331 hic
1279 3265 1425 3353 repetiit!

281 3368 442 3434 ascribam
466 3366 630 3453 exempla:

281 3573 365 3638 Non.
388 3595 420 3658 p.
443 3573 495 3652 27,
518 3572 569 3636 22.
612 3582 704 3650 putus
725 3583 768 3637 est
789 3578 886 3638 dictus
911 3594 930 3635 α
950 3579 1086 3652 putando
1109 3597 1136 3638 e.
1160 3595 1190 3660 q.
1214 3596 1240 3638 s.

281 3674 323 3738 cf.
346 3674 434 3738 Fest.
459 3696 491 3759 p.
513 3673 575 3736 217
605 3675 660 3759 qui
683 3674 819 3738 eandem
841 3675 932 3738 uocis
957 3684 989 3738 et
1012 3674 1240 3760 etymologiam
1269 3683 1301 3738 ct
1322 3673 1426 3758 expli·

407 3775 570 3839 rationem
593 3768 725 3839 exhibet
741 3775 893 3860 idemque
909 3769 1334 3840 testimonium‘Plantinum
1352 3797 1424 3862 pro-

406 3877 481 3940 fert.
526 3875 568 3939 cf.
592 3876 698 3941 Varro
722 3876 762 3940 de
784 3875 806 3940 l.
830 3875 852 3940 l.
876 3876 924 3941 VI
947 3881 966 3958 ξ
989 3878 1040 3943 63.
1076 3876 1161 3942 Gell.
1185 3877 1225 3942 N.
1242 3879 1283 3941 A.
1301 3876 1376 3946 VII.
1392 3877 1424 3939 5.

280 4077 366 4143 Non.
389 4102 420 4164 p.
443 4078 496 4161 47,
522 4077 570 4142 17.
613 4087 767 4157 arenaria
795 4088 861 4145 locu
889 4087 920 4144 iu
948 4085 1066 4145 horreis
1094 4086 1255 4146 sanandis
1282 4085 1424 4144 seminum

405 4186 519 4257 arants.
544 4202 571 4244 e.
595 4203 626 4266 q.
650 4203 676 4246 o.

281 4281 454 4347 cf..Varro
484 4281 523 4346 de
547 4281 568 4347 l.
591 4281 612 4344 l.
636 4281 667 4344 V
690 4286 710 4363 ξ
735 4284 803 4347 105.
835 4291 1016 4362 prosarium
1049 4289 1099 4349 ubi
1122 4304 1253 4361 prunum
1277 4287 1428 4361 frumenti

406 4388 574 4450 condebant
594 4406 622 4447 e.
646 4406 676 4471 q.
701 4407 726 4449 s
