3260 5212
681 413 720 420 ..
765 359 891 440 93'-

218 553 258 617 de
280 549 503 636 singularibus
527 546 615 634 apud
638 544 827 638 Ciceronem
850 546 965 631 positis
989 547 1158 632 scripsisse
1179 558 1290 613 notum
1314 560 1362 614 est

218 653 275 738 (cf.
300 653 469 736 Suringar.
494 650 516 714 l.
539 647 561 712 l.
584 670 616 734 p.
639 639 728 732 201).
761 646 918 712 'adducor
946 657 1053 712 autem
1082 649 1124 712 ad
1152 647 1236 714 hane
1258 653 1362 736 suspi-

217 757 344 819 cionem
365 753 540 840 praecipue
563 771 600 813 eo
622 747 709 834 quod
731 747 830 812 habet
852 770 915 834 quo
932 771 966 812 se
982 751 1186 815 commendet
1203 752 1361 817 Graefen-

215 856 292 920 hani
327 855 514 920 coniectura
549 851 639 936 (hist.
670 847 783 934 philol.
819 872 871 935 ap.
904 861 967 915 uet.
992 852 1042 915 IV
1068 875 1099 938 p.
1128 852 1207 940 234)
1241 852 1361 919 librum

215 957 339 1024 Statilii
362 980 403 1022 ex
425 957 523 1020 lexiei
545 951 726 1017 rationibus
750 951 964 1037 compositum
987 969 1091 1034 fuisse
1113 964 1150 1018 ut
1171 954 1361 1020 uerisimile

216 1062 259 1124 sit
281 1059 450 1124 Ciceronis
474 1053 682 1140 singulariter
704 1052 792 1118 diota
815 1075 887 1127 eum
910 1051 1010 1118 simili
1037 1054 1135 1120 modo
1157 1078 1195 1120 ae
1217 1056 1360 1122 Nonium

217 1184 276 1248 per
298 1159 428 1244 singula
449 1159 558 1243 capita
581 1155 766 1240 digessisse.
811 1154 876 1220 duo
899 1154 1030 1240 quidem
1053 1156 1155 1221 uerba
1178 1167 1210 1221 et
1232 1158 1273 1222 ab
1290 1158 1359 1223 Sta-

217 1263 287 1329 tilio
317 1271 349 1326 et
376 1260 418 1324 ab
446 1259 553 1324 Nonio
581 1266 780 1340 tractantur,
811 1257 853 1321 ab
881 1257 942 1330 hoc
969 1264 1079 1320 tamen
1100 1280 1167 1322 non
1189 1261 1223 1322 in
1245 1259 1359 1323 ordine

215 1364 441 1444 Ciceroniana,
471 1381 576 1443 neque
601 1359 680 1423 satis
710 1356 844 1422 alterius
868 1359 1030 1443 expositio
1059 1381 1132 1423 cum
1161 1360 1263 1424 altero
1286 1383 1358 1425 eon-

214 1466 312 1552 gruit,
335 1485 399 1550 qua
421 1484 456 1527 re
479 1483 520 1525 ne
541 1462 595 1525 hio
619 1459 748 1545 quidem
772 1461 853 1524 certi
876 1458 1053 1545 quidquam
1076 1460 1180 1527 audeo
1204 1471 1358 1527 statuere.

214 1634 340 1700 Charis.
364 1658 395 1721 p.
420 1633 497 1696 217:
532 1642 674 1696 rarenter
702 1636 783 1709 Cata,
818 1640 850 1692 at
878 1634 956 1691 r'dem
989 1633 1145 1694 Maximus
1174 1643 1274 1714 notat,
1300 1653 1358 1710 pro
1413 1669 1415 1671 ·

340 1755 424 1800 rare.
468 1734 511 1799 ef.
534 1733 618 1797 Non.
641 1755 673 1818 p.
697 1731 770 1812 515,
794 1731 849 1794 23:
881 1743 1030 1794 rarenter.
1077 1737 1222 1798 Caecilius
1244 1739 1358 1796 Pensi-

339 1842 461 1901 maeno:
484 1840 608 1916 ‘edepol
629 1841 768 1898 noluntas
789 1838 903 1896 homini
922 1846 1062 1898 rarenter
1077 1841 1188 1898 aenit'
1226 1857 1254 1897 e.
1277 1859 1308 1920 q.
1332 1858 1358 1898 s.

385 1939 427 2002 of.
450 1961 483 2024 p.
509 1937 579 2021 164,
602 1937 654 2000 25.

214 2041 338 2106 Charis.
362 2064 395 2127 p.
418 2040 496 2104 214:
523 2045 642 2120 pariter
659 2059 719 2117 pro
737 2044 879 2116 pariliter
902 2043 1016 2119 Cicera,
1039 2049 1072 2101 nt
1093 2043 1248 2102 ltlarr'mas
1267 2053 1357 2103 notat.

272 2162 276 2169 ·
340 2165 368 2206 e.
384 2166 414 2227 q.
431 2165 457 2205 s.
494 2140 536 2206 cf.
559 2139 644 2205 Non.
666 2162 698 2225 p.
722 2140 794 2219 374,
818 2140 874 2204 31:
893 2145 1016 2218 pariter
1037 2161 1077 2203 ea
1099 2161 1204 2218 aequa.
1246 2145 1358 2204 Noar‘as

340 2248 474 2318 Decuma
505 2265 533 2307 e.
556 2265 588 2328 q.
612 2265 637 2306 s.

302 2413 416 2500 Neque
439 2412 480 2476 de
495 2410 609 2476 Flauio
625 2411 733 2496 Capro
750 2410 888 2474 decerno
911 2411 952 2475 ad
975 2433 1070 2498 quem
1092 2434 1192 2498 supra
1214 2401 1357 2498 explicui

213 2516 363 2581 Noniana
386 2514 509 2600 aliquot
531 2513 647 2576 referri
669 2533 772 2598 posse.
797 2511 913 2577 Asinio
930 2523 1039 2577 autem
1056 2513 1195 2578 Pollioni
1217 2515 1357 2578 fortasse

213 2613 352 2683 conicies
374 2613 529 2682 nonnulla
558 2614 700 2678 Nonium
729 2613 882 2679 debuisse
905 2615 1025 2700 qnippe
1054 2618 1107 2700 qui
1131 2617 1165 2678 in
1188 2615 1355 2679 Ciceronis

213 2742 340 2806 quoque
362 2718 492 2803 seriptis
516 2738 648 2803 operam
678 2713 847 2779 collocarit
872 2725 971 2801 atque
991 2718 1039 2779 ita
1061 2726 1097 2779 ut
1125 2716 1354 2800 grammaticas

212 2823 397 2885 institueret
419 2820 626 2904 quaestiones
648 2815 840 2902 singulaque
864 2816 966 2881 uerba
987 2838 1161 2902 eorumque
1184 2817 1306 2882 formas
1322 2819 1357 2880 in

213 2945 349 2986 examen
383 2931 525 2985 uocaret.
572 2919 629 2983 sed
657 2921 734 3004 quia
762 2922 854 2982 exilia
888 2919 957 2982 eius
989 2918 1175 3002 fragmenta
1201 2941 1275 2981 eum
1304 2917 1356 2982 Ci-

212 3025 392 3089 ceronianis
413 3021 503 3107 apud
517 3021 660 3084 Nonium
675 3019 846 3084 ordinibus
868 3041 932 3083 non
955 3021 1153 3106 conspirant,
1176 3041 1217 3082 ne
1233 3019 1274 3083 de
1295 3023 1356 3084 hoc

212 3125 344 3214 quidem
364 3147 417 3188 res
441 3123 552 3210 liquet.
596 3143 637 3184 ne
665 3121 744 3207 quid
772 3131 881 3185 tamen
909 3123 1096 3186 omittamus
1125 3121 1356 3186 similitudines

213 3228 416 3292 ascribamus
439 3247 511 3288 curn
535 3225 643 3306 Festo,
666 3222 826 3298 Varrone,
850 3221 1008 3302 Charisio,
1031 3222 1114 3287 aliis.

217 3415 297 3477 Non.
319 3437 352 3498 p.
375 3414 426 3485 41,
453 3413 500 3476 10.
546 3411 698 3482 reserare.
718 3417 851 3492 aperire.
894 3431 1005 3474 asera
1028 3416 1138 3474 dietam
1161 3430 1222 3488 qaa
1243 3421 1355 3473 remota

339 3523 451 3579 nataae
470 3520 627 3592 patefiant.
673 3517 715 3575 M.
739 3514 855 3576 Tullius
885 3531 916 3574 e.·
936 3533 967 3596 q.
991 3534 1017 3575 s.

212 3618 291 3680 Fest
313 3641 344 3705 p.
367 3615 439 3680 282.
487 3617 659 3698 [reserari.
677 3661 684 3675 .
701 3661 709 3676 .
727 3661 734 3676 .
759 3614 816 3695 att]
839 3618 902 3676 atet
921 3617 958 3675 ab
981 3632 1016 3675 eo
1038 3617 1120 3690 qnod
1134 3613 1268 3697 debeata
1286 3633 1356 3674 sera

338 3740 357 3782 a
380 3726 493 3782 ianuae
513 3719 657 3797 cardlr'ne
681 3722 828 3794 patefiant
856 3716 971 3797 [forem
999 3719 1069 3776 ende
1095 3735 1173 3792 qaae
1196 3717 1356 3793 patefacta

338 3822 380 3903 et]
405 3825 526 3883 dertusa
553 3825 612 3880 sint
638 3818 790 3900 re[serata
819 3823 887 3880 diet.
933 3818 1034 3899 serae]
1064 3836 1193 3894 namque
1215 3821 1356 3878 dicantar

333 3927 433 3998 fustes
454 3922 522 4004 [qai
543 3933 735 4000 apponantur
756 3919 880 4000 elensis]
901 3920 1033 3993 foribus.
1077 3939 1105 3981 e.
1128 3941 1159 4003 q.
1183 3941 1209 3980 s.

213 4110 299 4173 Non.
323 4132 355 4194 p.
379 4108 431 4190 66,
456 4107 506 4171 10.
550 4127 670 4171 manant
692 4112 803 4170 dieitur
824 4111 958 4178 claram·
980 4110 1060 4168 unde
1074 4112 1163 4168 etiarn
1178 4124 1276 4185 mane,
1288 4117 1359 4184 post

339 4215 476 4274 tenebras
497 4215 590 4273 noetis
604 4215 664 4272 clr‘ee'
682 4229 758 4287 pars
774 4215 889 4287 prema.
919 4213 990 4271 inde
1006 4211 1126 4270 Mutata
1149 4228 1225 4284 qaae
1242 4211 1357 4270 Graece

337 4316 514 4375 Leaeeotlrea.
537 4331 607 4374 nam
630 4315 700 4373 inde
722 4316 825 4373 nolant
847 4315 936 4373 etiarn
959 4314 1030 4373 deos
1053 4312 1160 4372 ltlanes
1181 4329 1282 4370 manes
1301 4329 1356 4384 ap-

336 4420 450 4493 pellari
470 4419 502 4476 ia
523 4425 566 4476 est
579 4416 668 4475 bonos
683 4431 720 4474 ae
737 4432 911 4490 prosperas,
936 4416 1016 4488 qaod
1029 4416 1132 4472 melier
1147 4397 1225 4470 mors
1239 4415 1356 4486 sapten-

338 4520 459 4580 tr'e‘ribas
481 4536 570 4593 qaam
593 4521 655 4577 atta
676 4518 829 4594 probetur.
861 4534 888 4575 e.
911 4536 941 4596 q.
968 4535 992 4574 s.
