3260 5212
669 404 711 413 —
759 369 817 432 103
861 360 976 415 -'

606 569 663 634 De
688 569 802 636 Velio
824 571 972 657 Longo.

301 720 490 786 Admodum
523 720 638 786 similis
672 721 769 788 Nonii
803 725 964 811 expositio
998 726 1039 790 de
1077 730 1165 802 serus
1196 728 1358 792 uocabulo

217 824 263 907 (p.
287 823 365 902 307,
396 823 448 909 13)
482 824 569 888 Velii
592 823 805 909 explicationi
836 827 893 913 qui
922 827 1010 912 apud
1041 828 1141 891 schol.
1165 829 1286 893 Veron.
1316 829 1359 892 ad

217 925 300 988 Aen.
330 923 415 1006 VII,
450 925 513 989 489
550 926 598 991 sic
635 926 695 989 ait:
735 933 995 1007 ‘pectebatque
1027 932 1182 1005 ferum'.
1226 935 1356 1009 Louqus.

217 1030 474 1090 ....aamoaum
496 1033 527 1090 ia
555 1033 767 1093 consuetudine
792 1035 980 1107 intcithitur.
1025 1053 1117 1109 itaque
1144 1039 1222 1095 euim
1242 1044 1360 1111 poterat

216 1148 278 1190 csse
306 1131 396 1203 serus
429 1132 466 1191 dc
497 1148 554 1207 quo
585 1149 680 1209 supra
713 1134 793 1195 dixit
829 1136 1001 1196 ‘adtractum
1035 1139 1184 1212 imperiis'
1213 1156 1242 1197 e.
1271 1158 1302 1219 q.
1331 1157 1356 1199 s.

213 1231 340 1305 serum
362 1234 630 1308 quodammodo
651 1242 686 1294 et
707 1237 750 1295 de
771 1253 861 1310 equo
884 1240 919 1295 ia
942 1237 994 1297 II:
1023 1241 1150 1312 ‘taque
1169 1239 1254 1310 feri
1273 1258 1358 1299 cur-

216 1351 296 1395 uam
319 1337 560 1410 compaqihus
588 1340 712 1397 aluam
740 1342 949 1398 contorsit?
993 1335 1035 1398 oi.
1059 1334 1202 1400 Nonium
1229 1359 1262 1422 p.
1284 1338 1358 1418 307,

218 1433 272 1496 13:
292 1435 381 1508 serus
402 1439 551 1510 seqaificat
571 1456 702 1498 seuerus.
754 1440 901 1512 Verqilius
922 1443 954 1500 ia
977 1442 1049 1499 Aca.
1064 1440 1102 1499 II
1115 1459 1144 1500 e.
1161 1459 1191 1523 q.
1209 1460 1232 1501 s.
1247 1443 1358 1514 ferus

214 1538 348 1596 iterum
370 1555 494 1612 equus.
537 1542 685 1614 Verqitius
708 1542 781 1601 Aea.
805 1543 854 1601 lib.
872 1541 925 1610 II;
949 1543 1075 1614 ‘inque
1094 1542 1179 1615 scri
1197 1560 1356 1604 curuum

178 1640 183 1650 '
214 1641 457 1714 compaqibus
484 1643 608 1702 aluum
635 1645 845 1702 contorsit?
890 1644 989 1702 Attius
1017 1644 1141 1703 Medea:
1165 1689 1172 1702 .
1196 1689 1203 1703 .
1226 1664 1252 1704 e.
1276 1664 1307 1727 q.
1331 1665 1357 1705 s.

211 1739 299 1811 serus
320 1744 388 1801 item
410 1744 560 1816 siquiticat
580 1761 711 1804 ceruum.
764 1745 911 1820 Verqilius
931 1745 982 1804 tia.
1012 1744 1090 1806 VII:
1111 1748 1357 1824 pectebatque

211 1841 354 1914 serum!
398 1863 427 1904 e.
451 1862 482 1926 q.
506 1841 582 1928 s.4³)

216 2059 296 2124 Non.
319 2084 352 2146 p.
375 2061 431 2141 33,
458 2063 513 2126 17:
543 2069 685 2139 iquauum
712 2075 741 2126 et
765 2084 867 2139 seque,
896 2068 1046 2142 torpidum
1070 2068 1218 2140 feriatum
1245 2076 1274 2128 et
1293 2073 1357 2128 siae

340 2169 413 2240 iqui.
447 2163 489 2225 ef.
517 2162 617 2228 schol.
646 2162 766 2228 Veron.
791 2163 825 2226 in
838 2164 936 2247 Verg.
953 2165 1038 2247 Aen.
1052 2165 1114 2245 IV,
1135 2165 1207 2228 149:
1237 2171 1357 2244 Loaqus

340 2270 485 2342 siquidem
507 2272 606 2342 saquis
627 2278 670 2328 cst
691 2271 753 2328 siae
775 2271 847 2342 iqui.

537 2469 594 2534 De
617 2467 818 2534 Caesellio
841 2468 1027 2533 Vindice.

298 2604 362 2668 Hic
389 2628 462 2669 cum
490 2613 641 2670 nontam
663 2614 820 2691 perpetuo
843 2607 1074 2669 commentario
1097 2628 1194 2690 quam
1218 2605 1356 2690 singulis

212 2727 272 2791 per
300 2705 445 2789 singulas
479 2705 670 2772 ‘lectionum
699 2727 831 2770 suarum
865 2709 1087 2792 antiquarum’
1121 2705 1246 2770 litteras
1275 2708 1354 2772 locis

212 2806 395 2892 Vergilium
417 2808 565 2892 tetigisse
587 2807 752 2889 uideatur,
775 2807 883 2893 aptius
906 2808 994 2870 infra
1017 2806 1056 2870 de
1079 2830 1116 2872 oo
1133 2807 1356 2894 disputabitur

212 2909 404 2992 praesertim
427 2931 499 2972 cum
521 2912 555 2973 in
577 2909 740 2973 lemmatis
763 2931 846 2996 quae
868 2932 888 2972 a
910 2907 1070 2974 Caesellio
1098 2908 1132 2970 in
1155 2907 1254 2974 Nonii
1276 2908 1354 2972 lexi-

213 3031 274 3073 con
297 3009 473 3074 defluxisse
496 3009 642 3097 putanda
665 3020 751 3093 sunt,
776 3010 916 3095 Vergilii
939 3013 1059 3074 mentio
1082 3010 1170 3074 facta
1192 3012 1235 3074 sit
1255 3010 1354 3075 nulla.

558 3198 617 3261 De
639 3196 811 3262 Heleuio
835 3200 1002 3261 Acrone.

298 3333 351 3397 Ab
373 3334 434 3397 hoc
451 3334 582 3418 quidem
596 3333 654 3396 uix
670 3355 729 3396 sua
745 3335 923 3419 sumpsisse
946 3332 1069 3396 Nonius
1092 3333 1223 3396 uidetur
1235 3335 1356 3419 quippe

214 3434 270 3520 qui
292 3434 394 3498 multo
423 3436 586 3520 copiosius
614 3433 833 3522 disputauerit
861 3435 901 3498 de
929 3443 1055 3497 mutata
1083 3431 1300 3499 declinatione
1323 3446 1356 3501 et

214 3535 255 3600 de
264 3534 450 3600 indiscretis
466 3534 643 3601 aduerbiis.
667 3534 807 3619 legimus
823 3535 911 3598 enim
926 3535 1015 3620 apud
1030 3532 1214 3598 Charisium
1232 3558 1264 3620 p.
1282 3538 1353 3620 130,

216 3638 270 3702 10:
312 3641 465 3702 Terentius
498 3643 658 3718 Adelphis:
695 3646 794 3700 ‘auae
821 3649 932 3700 exacta
960 3646 1058 3700 aetate
1092 3641 1148 3700 toa
1173 3641 1274 3712 fructi
1296 3659 1354 3717 pro

213 3744 315 3803 labore
342 3744 380 3804 aa
407 3745 453 3803 itis
476 3743 569 3816 fero?
614 3745 665 3803 ubi
691 3743 833 3803 Heteaius
860 3743 963 3803 Aaron
992 3741 1036 3801 ‘et
1062 3742 1149 3802 huius
1167 3741 1301 3814 fructuis
1322 3752 1356 3804 ut

213 3849 345 3906 senatuis
371 3853 487 3906 ueteres
518 3847 711 3905 contuleruut?
758 3839 954 3926 quibuscum
989 3841 1018 3903 si
1051 3837 1227 3903 contuleris
1255 3839 1355 3904 Nonii

214 3943 453 4029 expositionem
469 3934 506 4029 p.
528 3943 602 4024 491,
625 3943 646 4007 5
674 3943 716 4007 ab
743 3945 814 4028 ipso
842 3941 979 4006 Helenio
1008 3941 1197 4005 testimonia
1219 3963 1277 4005 sua
1299 3941 1353 4004 ha·

213 4045 325 4108 buisse
347 4043 437 4108 illum
460 4067 557 4129 aegre
579 4044 765 4124 credideris,
789 4043 889 4108 immo
913 4044 941 4106 si
957 4042 1095 4107 multum
1118 4041 1277 4106 concedas
1292 4043 1354 4108 hoc

213 4146 299 4210 forte
335 4147 396 4212 tibi
432 4151 668 4232 persuadeatur
704 4143 847 4210 Nonium
883 4167 925 4208 ex
962 4144 1085 4208 eisdem
1113 4144 1205 4209 libris
1233 4144 1352 4229 quibus

215 4247 383 4312 Charisius
416 4248 556 4312 Acronis
590 4248 787 4312 mentionem
820 4245 977 4326 debebat,
1014 4246 1243 4311 Palaemonem
1279 4245 1351 4311 dico

283 4522 325 4588 43)
346 4525 380 4578 cf.
400 4521 550 4576 Ribbeckii
568 4523 764 4590 prolegomena
784 4522 885 4590 Vergil.
905 4538 929 4588 p.
951 4523 997 4572 170
1016 4521 1079 4570 adn.
1098 4523 1121 4574 5.
