3262 5196
723 417 765 426 -
808 395 872 442 VIII
914 417 957 426 -·-

1322 549 1411 598 Pagina

337 629 566 681 Varronianorum
583 628 763 694 exemplorum
781 628 887 678 ordines
894 665 1237 679 ...........
1279 627 1410 678 118-132

244 737 249 748 ²
338 722 558 774 Sisennianorurn
575 722 755 786 exemplorum
773 721 878 771 ordines
894 759 1236 772 ...........
1278 723 1411 772 133-136

337 815 563 867 Sallustianorum
580 815 760 881 exemplorum
778 814 897 866 ordines.
925 853 930 864 .
960 807 985 864 .’
993 853 1236 864 ........
1277 815 1411 865 136-138

337 910 378 958 De
396 909 535 959 ordinibus
553 905 632 974 primi
649 909 747 973 eapitis
765 907 941 973 alphabetieis
960 946 1236 958 .........
1363 907 1410 957 138
1468 901 1471 911 ’

336 1003 377 1051 De
394 1002 537 1052 uerborum
556 1002 647 1051 ordine
665 1002 734 1052 uitia
751 999 902 1066 corporalia
920 1001 1072 1052 nolanlium
1096 1039 1237 1051 .....
1278 1001 1410 1051 138-139

269 1099 327 1158 De
364 1099 597 1158 lemmatum
634 1106 753 1156 extra
792 1097 970 1156 ordines
1010 1098 1243 1175 positorum

423 1229 470 1268 au
481 1217 519 1267 et
529 1228 545 1267 o
556 1207 619 1266 rib
629 1228 649 1267 u
659 1227 682 1266 s.

337 1317 378 1365 De
395 1316 427 1365 L.
445 1314 521 1366 Aelio
541 1313 645 1364 Stilone
655 1351 1237 1365 ..................
1278 1314 1410 1364 140-141

337 1409 378 1458 De
395 1407 430 1457 M.
448 1408 573 1458 Terentio
592 1407 713 1457 Varrone
725 1445 1237 1456 ................
1279 1407 1411 1456 141-143

282 1482 286 1494 '
338 1502 379 1550 oe
397 1501 506 1564 Nigidio
525 1499 622 1564 Figulo
658 1537 1238 1551 ..................
1363 1501 1411 1549 143

338 1595 380 1643 De
398 1593 493 1644 Sinnio
512 1592 644 1659 Capitone
659 1629 1239 1643 ..................
1280 1593 1412 1642 143-144

339 1688 379 1737 De
396 1686 516 1737 Antistio
535 1686 661 1736 Labeone
692 1723 1238 1735 .................
1364 1685 1412 1733 144

338 1782 379 1830 De
395 1780 489 1830 Verrio
507 1779 605 1829 Flacco
623 1817 866 1829 ........
873 1807 875 1809 -
895 1817 899 1827 .
922 1837 925 1842 ,
928 1816 1238 1828 ..........
1278 1778 1411 1827 144—148

339 1875 380 1924 De
396 1873 505 1924 Valerio
523 1872 612 1923 Probo
623 1909 1238 1923 ...................
1279 1871 1410 1920 148-151

340 1967 381 2015 De
398 1965 529 2016 Caesellio
547 1964 659 2014 Vindice
690 2001 1239 2016 .................
1280 1964 1412 2014 151-153

340 2059 379 2108 De
398 2057 426 2109 0.
444 2057 534 2108 Plinio
553 2055 674 2108 Secundo
693 2062 719 2108 et
736 2057 833 2108 Flauio
852 2055 939 2122 Capro
964 2094 1240 2107 .........
1280 2056 1412 2108 153-155
1477 2111 1483 2120 ,
