3262 5196
672 377 880 439 ,ῃ-

428 549 536 606 mutus
664 547 777 626 [Plura.
803 551 869 609 Mil.
889 555 931 624 ql.
957 550 1012 609 III
1036 548 1062 626 l,
1087 546 1152 628 tlt]

662 645 807 711 Naeuius
830 646 994 732 Lycurge.

663 746 775 810 Attius
798 747 1001 832 Epinausim.

428 845 620 931 dispennere
661 852 762 911 Plaat.
787 853 851 911 Mil.
872 855 917 927 pl.
948 841 983 930 V,
1010 852 1037 931 l,
1065 850 1112 911 14.

288 945 431 1009 Nonium
459 957 567 1010 autem
593 949 646 1011 uel
682 949 791 1033 potius
814 949 884 1013 eius
908 961 1074 1014 auctorem
1098 949 1346 1034 etymologicam

204 1046 370 1131 quandam
387 1045 618 1112 uocabulorum
629 1057 809 1115 exornassem
821 1061 854 1116 ct
864 1062 960 1114 malas
971 1050 1165 1116 affinitatem
1180 1073 1245 1114 non
1260 1050 1347 1132 cogi-

204 1159 291 1212 tasse
314 1149 389 1212 inde
412 1149 616 1234 potissimum
639 1151 795 1216 credibile
818 1151 959 1234 uidetur,
982 1152 1067 1236 quod
1094 1151 1183 1237 apud
1206 1151 1348 1216 Nonium

204 1250 441 1313 communionis
464 1248 551 1314 illius
574 1255 694 1318 mentio
718 1252 808 1317 fac-ta
829 1263 880 1317 est
895 1252 991 1337 plane
1006 1252 1104 1317 nulla.
1140 1253 1193 1316 fac
1209 1251 1349 1336 denique

203 1361 493 1415 commentatorem
508 1374 682 1416 memorem
698 1354 801 1418 fuisse
816 1353 903 1417 illius
920 1354 1134 1439 etymologiae
1152 1339 1231 1419 satis
1248 1353 1348 1415 mirae

206 1474 248 1514 cx
271 1474 336 1535 qua
359 1459 499 1516 amussim
522 1454 707 1537 significare
730 1455 836 1519 uisum
859 1463 909 1518 est
931 1455 1156 1538 grammaticis
1184 1452 1347 1516 nonnullis

204 1574 264 1615 rroa
287 1553 445 1636 arcilc¹¹),
475 1577 583 1618 nonne
607 1565 676 1618 tum
699 1554 799 1620 multo
822 1557 931 1641 potius
953 1568 1051 1621 malas
1072 1555 1192 1620 lemma
1221 1566 1347 1620 antece·

206 1653 284 1718 dere
307 1654 471 1719 debebat?
1239 1644 1240 1648 ¹

288 1755 380 1819 Mota
409 1766 518 1820 autern
547 1777 618 1818 esse
644 1780 876 1842 nonnunquam
910 1757 1060 1844 exempla
1088 1758 1246 1842 primaria
1277 1756 1347 1822 loco

206 1877 262 1919 suo
287 1857 367 1920 satis
391 1854 532 1920 dilucide
555 1859 698 1921 cernitur
721 1883 738 1922 e
762 1857 856 1924 titulo
885 1858 940 1924 illo
964 1883 994 1946 p.
1019 1861 1070 1939 74,
1093 1861 1149 1924 23:
1181 1865 1345 1922 ‘auerrun-

205 1979 286 2035 care,
310 1967 469 2021 auertere.
516 1957 661 2022 Lucilius
685 1959 741 2024 lib.
766 1960 899 2025 XXVI:
932 1967 966 2024 m·
985 1969 1146 2025 mimarial
1169 1967 1347 2036 [mouerint]

205 2065 338 2133 meliora,
362 2066 523 2122 arnerrtiam
547 2068 795 2124 cruerraacassr'at
816 2070 918 2126 laam!
957 2063 1122 2126 Pacuuius
1146 2062 1260 2126 Medo:
1278 2083 1345 2140 pos-

204 2181 267 2222 sum
296 2181 351 2238 epo
379 2167 468 2224 istam
495 2167 596 2240 capite
625 2166 742 2225 cladem
770 2185 1035 2229 rrrrrrruacusserc.
1080 2163 1125 2227 M.
1150 2162 1278 2226 Tullius
1308 2163 1347 2242 do

205 2260 326 2325 finibus
345 2263 550 2326 bonorumet
565 2260 741 2326 malorum:
765 2268 800 2327 m·
813 2271 984 2328 rarrlaerual
997 2271 1125 2350 racliora
1140 2276 1230 2342 atque
1246 2285 1346 2325 araca·

205 2369 275 2425 llam
298 2369 546 2427 (euerraacassiat
567 2363 694 2427 meaml’
740 2365 832 2444 Quae
860 2365 979 2430 Lucilii
998 2365 1129 2430 nomine
1157 2363 1349 2427 adferuntur

206 2487 245 2528 ca
268 2465 369 2528 uerba
391 2486 426 2526 re
448 2486 528 2527 uera
548 2463 686 2528 Pacuuii
708 2487 779 2529 esse
807 2475 839 2530 et
861 2467 967 2530 Varro
991 2469 1083 2532 testis
1106 2464 1204 2548 est¹²)
1229 2476 1261 2528 et
1279 2465 1349 2549 ipse

206 2563 331 2627 Nonius
351 2565 407 2650 qui
422 2565 536 2630 eadem
549 2566 651 2630 uerba
668 2588 700 2653 p.
713 2566 787 2648 507,
797 2567 839 2630 26
855 2567 998 2632 Pacuuio
1015 2566 1179 2632 attribuit:
1198 2571 1349 2630 l‘acrarias

207 2671 331 2744 t'lupsc:
356 2671 389 2728 rll
402 2675 552 2732 mouerint
567 2674 701 2731 meliora.
727 2669 785 2732 uix
801 2667 940 2753 denique
956 2678 1031 2753 eget
1042 2667 1348 2737 commemoratione

206 2768 343 2830 Paulum
365 2789 492 2854 quoque
514 2768 548 2830 in
571 2769 733 2854 excerptis
758 2770 846 2832 Festi
868 2792 898 2854 p.
922 2770 984 2833 373
1007 2781 1188 2846 marmaricam
1210 2768 1348 2830 eundem

198 2875 335 2932 'uersum
365 2869 500 2932 Pacuuii
523 2870 654 2934 nomine
677 2870 836 2934 attulisse.
883 2871 1013 2935 uidetur
1041 2871 1142 2954 igitur
1164 2869 1348 2954 exemplum

206 2969 398 3056 primarium
414 2971 593 3049 excidisse;
616 2994 699 3057 quae
722 2995 800 3038 uero
817 2983 914 3038 antea
930 2972 1065 3036 Pacuuii
1087 2971 1215 3036 nomino
1238 2969 1350 3034 adlata

209 3081 313 3152 erant,
337 3095 375 3134 ea
398 3094 485 3136 nunc
507 3071 634 3136 Lucilio
658 3074 782 3138 tributa
804 3085 890 3139 sunt.

291 3172 367 3237 Alia
395 3174 535 3259 donique
568 3174 652 3239 ratio
687 3199 751 3260 qua
778 3176 932 3240 lemmata
959 3175 1000 3239 ab
1032 3174 1201 3238 ordinibus
1225 3174 1349 3238 absona

207 3286 280 3339 orta
308 3273 477 3358 uidentur,
506 3277 587 3338 hacc
614 3287 685 3340 erat
707 3288 744 3341 ut
766 3299 840 3342 cum
869 3274 1053 3361 exemplum
1081 3275 1213 3362 aliquod
1236 3285 1350 3358 postea

208 3378 373 3440 inuentum
399 3376 543 3440 lemmati
560 3377 601 3441 ad
619 3379 704 3463 quod
721 3378 917 3464 pertinebat,
934 3369 1059 3443 Nonius
1076 3389 1233 3458 assueret,
1253 3375 1349 3440 sinml

208 3477 297 3542 aliud
320 3477 437 3542 lemma
459 3477 501 3542 ad
524 3479 611 3564 quod
627 3503 669 3544 ex
684 3480 796 3544 codem
813 3482 972 3564 scriptore
994 3478 1143 3564 exerupla
1166 3478 1349 3562 collegerat,

209 3580 396 3644 ascriberet.
440 3580 487 3642 ita
509 3581 632 3645 factum
656 3593 705 3645 est
728 3593 764 3644 ut
779 3603 876 3666 saepe
891 3591 1038 3646 extrema
1058 3579 1244 3644 lemmatum
1261 3581 1348 3644 testi-

211 3681 317 3745 monia
340 3703 380 3744 cx
404 3681 517 3745 codem
547 3683 704 3765 scriptore
733 3681 907 3766 desumpta
930 3681 1035 3746 sinte
1058 3704 1121 3767 quo
1149 3683 1348 3765 insequentis

209 3781 381 3845 lemmatis.
427 3792 462 3844 ut
489 3781 646 3868 exemplis
670 3792 757 3863 utar,
786 3784 861 3847 inde
885 3807 904 3846 a
927 3806 958 3869 p.
992 3784 1068 3862 175,
1095 3785 1134 3846 12
1161 3805 1229 3868 sqq.
1259 3793 1350 3845 extat

210 3883 451 3947 Lucilianorum
468 3883 561 3966 01·d0;
587 3884 833 3971 interrumpitur
848 3885 876 3948 is
893 3885 1019 3950 duobus
1035 3884 1196 3948 lemmatis
1218 3883 1349 3966 (supplo-

208 3992 318 4050 sionem
341 3996 374 4049 et
395 3987 717 4070 superbiloquentiam:
1094 3997 1095 4000 ’

280 4175 324 4236 11)
344 4174 387 4225 Or.
406 4175 485 4225 Paul.
503 4193 529 4240 p.
548 4179 576 4226 6:
597 4177 738 4226 ‘amussim
752 4177 926 4241 regulariter,
946 4180 1063 4226 tractum
1079 4193 1095 4224 a
1108 4175 1211 4240 regula,
1224 4176 1349 4238 adquam

211 4258 315 4322 aliquid
334 4265 513 4324 exsequatur,
527 4277 598 4324 quae
618 4262 733 4311 amussis
752 4261 861 4314 dicitur.
898 4261 1009 4324 quidam
1028 4261 1157 4310 amussim
1177 4275 1237 4311 esse
1255 4259 1350 4312 dicunt

210 4361 264 4394 non
282 4344 376 4407 tacite,
396 4345 465 4408 quod
484 4347 594 4398 muttire
612 4345 745 4396 interdum
764 4347 866 4396 dicitur
883 4345 979 4410 loqut’

281 4429 321 4490 tl)
341 4428 385 4478 cf.
405 4429 439 4479 de
457 4428 476 4478 l.
495 4429 514 4480 l.
536 4430 586 4480 VII
604 4431 627 4491 §-
643 4433 690 4481 102
703 4430 795 4482 stult:
808 4433 879 4498 apud
891 4433 1040 4482 Pacarriam:
1053 4431 1096 4482 dci
1106 4433 1229 4482 rrraaerinl
1245 4433 1350 4484 meliora

210 4523 285 4582 alque
303 4516 436 4568 uertentium
452 4518 671 4568 arcere-uncassial.
