3262 5196
697 397 739 406 b·
782 359 839 422 69.
868 399 909 407 -

228 527 355 591 Charis.
380 551 411 612 p.
437 529 506 609 197,
530 529 582 592 21.
612 534 739 594 duriter.
776 533 928 594 Terentius
950 537 982 592 iu
1004 536 1163 609 Adelphis:
1187 537 1269 595 ‘ruri
1282 508 1375 610 apere

354 638 447 693 uitam
468 652 586 709 semper
607 652 707 710 parce
728 653 766 694 oe
788 637 906 696 duriter
927 654 990 695 sese
1018 621 1152 696 hibere)
1197 639 1249 698 ubi
1271 641 1374 698 Aaron
1476 653 1477 661 ¹

355 737 534 796 ‘seeundum
557 740 766 812 antiquorum'
796 741 892 812 inquil
918 741 1207 799 ‘consuetudinem'
1252 758 1322 800 narn
1344 751 1373 800 et

353 839 469 898 Ennius
490 841 521 898 in
545 839 707 900 Phoenice:
731 842 838 915 ‘quom
860 841 913 899 tibi
932 858 972 899 eu
994 857 1046 902 ore
1072 845 1234 902 orationem
1257 845 1374 902 duriter

354 941 440 999 dietis
467 942 577 1000 debit'
607 977 648 982 —
676 938 859 1023 Vtrumque
886 938 1111 1004 testimonium
1139 939 1249 1024 posuit
1276 941 1372 1005 etiam

355 1037 480 1102 Nonius
503 1061 535 1123 p.
558 1039 630 1103 512.

229 1143 355 1212 Charis
384 1171 415 1233 p.
440 1149 514 1230 200,
540 1150 588 1213 15.
633 1153 772 1214 hilariter
808 1155 846 1212 ub
873 1171 906 1212 eo
940 1156 1020 1227 quoii
1051 1163 1095 1213 est
1121 1155 1241 1228 hilaris,
1275 1159 1375 1216 hilare

355 1262 454 1314 anilem
477 1257 514 1314 ab
537 1257 655 1316 hilarus
677 1263 708 1314 ul
729 1255 871 1315 Helenius
894 1258 994 1315 Acron
1017 1258 1047 1316 in
1075 1257 1206 1317 Terentii
1220 1260 1373 1334 Adelphis,

353 1357 404 1415 ubi
438 1356 605 1418 Terentius:
642 1359 787 1416 ‘hilarem
822 1358 901 1418 hune
936 1375 1086 1418 sumamus
1115 1360 1220 1418 etiem!
1265 1363 1319 1420 seli
1346 1369 1374 1420 et

352 1458 504 1532 Afranius
526 1462 556 1518 in
585 1459 762 1520 Sororibus:
791 1459 888 1520 ‘nune
909 1478 940 1518 se
961 1461 1163 1536 obsequentem
1185 1470 1276 1536 utque
1296 1463 1372 1521 hilu-

352 1577 415 1620 rem
443 1563 511 1620 dixi
533 1563 708 1636 praebeul.’
734 1596 772 1604 —-
802 1557 927 1621 Nonius
950 1581 982 1641 p.
1005 1557 1084 1639 513,
1107 1560 1147 1622 31
1172 1559 1250 1623 item
1273 1565 1372 1623 hilare

352 1658 502 1722 aduerbii
524 1659 745 1724 testimonium
769 1659 900 1722 Afranii
922 1681 1051 1723 uersum
1076 1660 1205 1725 adtulit.

227 1769 355 1848 Charis.
377 1793 409 1855 p.
432 1769 506 1851 214,
531 1771 559 1832 1.
600 1775 772 1848 publicitus.
820 1772 948 1833 Titinius
976 1777 1006 1832 in
1028 1774 1148 1835 Setina:
1177 1776 1286 1835 ‘statui
1312 1787 1371 1836 stn-

353 1884 434 1935 tuum
455 1876 642 1950 publicitus'
676 1878 828 1935 Terentius
849 1892 964 1950 quoque
986 1879 1017 1934 in
1034 1877 1231 1937 Phormione:
1255 1882 1372 1939 ‘nonne

351 1978 406 2036 hoe
428 1978 617 2052 publicitus!
652 1996 677 2038 e.
703 1995 730 2051 q.
753 1995 777 2037 s.
822 1978 877 2036 seli
901 1986 929 2036 et
957 1980 1083 2038 Plautus
1112 1982 1143 2038 in
1166 1979 1372 2040 Bacchidibus

351 2097 377 2138 e.
400 2098 428 2155 q.
458 2097 481 2138 S.
515 2080 593 2139 illem
624 2083 655 2139 in
688 2080 920 2154 Amphitruone:
955 2082 1016 2139 ‘ita
1046 2097 1175 2154 perepre
1208 2085 1372 2142 adueniens

352 2182 480 2255 hospitio
501 2181 691 2255 publicitus'
736 2185 919 2240 extremum
948 2176 1133 2263 exemplum
1162 2179 1260 2242 etiam
1282 2179 1371 2266 apud

353 2279 494 2343 Nonium
517 2301 549 2364 p.
571 2279 634 2343 513
656 2278 816 2343 inuenies.

308 2487 379 2549 Iam
402 2507 475 2548 oum
498 2483 626 2547 Keilius
650 2483 767 2568 (praef.
793 2487 836 2548 ad
860 2483 986 2548 Charis.
1010 2508 1041 2570 p.
1059 2485 1154 2548 XLV
1171 2487 1257 2572 sqq.)
1287 2486 1370 2550 Cha-

224 2587 338 2651 risium
360 2610 391 2672 p.
418 2587 489 2666 190,
512 2586 714 2666 8-224,“22
745 2586 829 2648 10110
859 2587 1005 2650 Romano
1035 2587 1254 2650 cummaxime
1276 2610 1369 2652 usum

226 2689 509 2769 demonstrauerit‚
533 2688 594 2751 hoo
617 2709 746 2774 quoque
769 2687 838 2752 loc-o
855 2688 1007 2751 reioimur
1022 2688 1065 2752 ad
1081 2689 1282 2773 antiquiores
1299 2688 1371 2752 illos

226 2790 382 2876 Capmm,
406 2789 558 2870 Plinium,
582 2787 759 2852 Helenium
782 2790 954 2872 Annonem,
979 2791 1135 2875 Asprum,
1159 2791 1214 2874 qui
1238 2790 1371 2854 eProbi

225 2893 327 2978 copiis
351 2903 383 2956 et
405 2891 515 2955 Verrii
544 2901 577 2955 et
598 2891 757 2955 Varronis
781 2913 841 2955 sua
864 2891 1138 2977 conquisiuerunt.
1188 2915 1247 2977 per
1274 2914 1370 2977 quem

226 3016 303 3059 uero
326 2994 451 3058 Nonius
484 2994 651 3078 antiquam
677 2992 768 3057 illam
802 2993 985 3058 doctrinam
1014 2995 1177 3079 acceperit
1208 2993 1268 3058 uix
1296 3016 1370 3058 eon-

226 3097 332 3179 tinget
354 3105 391 3159 ut
412 3095 576 3160 enuclees.

261 3384 323 3448 DE
346 3383 697 3449 LVOILIANORVII
720 3383 1041 3450 EXEMPLORVM
1065 3382 1324 3449 ORDINIBVS.

727 3575 824 3652 Caput
845 3576 869 3636 1.

225 3707 257 3769 p.
280 3682 332 3762 20,
355 3682 407 3746 34.

268 3783 390 3862 lemma.¹
408 3785 459 3848 69.
485 3805 624 3848 cernuus
810 3791 906 3848 Lucil.
930 3788 991 3846 Sol.
1015 3789 1067 3846 lib.
1092 3786 1156 3846 III.

810 3885 936 3968 Vergil.
960 3885 1017 3950 lib.
1041 3885 1084 3949 X.

809 3987 915 4050 Luoi1.
939 3987 1008 4051 Sat.
1033 3987 1089 4051 lib.
1113 3986 1263 4051 XXVII.

810 4088 918 4153 Varro
942 4089 982 4152 de
1003 4089 1062 4152 uit.
1086 4113 1116 4175 p.
1139 4089 1178 4152 R.
1202 4088 1258 4154 lib.
1281 4090 1308 4152 I.

411 4192 460 4255 70.
486 4192 658 4254 stricturae
811 4189 977 4274 Vergilius
1000 4189 1057 4254 lib.
1080 4190 1177 4254 VIII.

811 4298 907 4356 Lucil.
931 4296 993 4355 Sol.
1017 4298 1067 4355 lib.
1091 4296 1153 4354 Ill.

410 4397 460 4460 11.
484 4395 639 4480 quiritare
811 4399 905 4458 Lucii.
929 4398 994 4456 Sul.
1016 4399 1067 4456 lib.
1099 4397 1151 4456 VI.

810 4495 963 4579 Nigidius
987 4505 1158 4559 comment.
1182 4516 1317 4578 gramm.
