3262 5196
668 371 876 434 --13...

399 545 585 618 percoluere
712 545 816 605 Cicero
839 551 916 604 oroi.

401 642 580 726 popinones
710 642 814 706 Varro
838 643 959 708 Medio.

200 867 230 929 p.
255 843 329 907 478.
401 845 544 908 nutritur
712 845 815 910 Varro
838 845 981 910 Testem.
1005 847 1082 932 περὶ
1105 847 1279 931 διαθήκης.

707 946 752 1010 Μ.
776 946 862 1010 Tull.
887 948 927 1012 de
950 947 1083 1012 deorum
1107 959 1174 1012 nat.

707 1048 866 1112 Afranius
889 1049 1043 1136 Vopisco.

708 1154 842 1216 Lucilius
863 1155 930 1217 Sat.
953 1157 1003 1215 lib.
1028 1156 1134 1216 XXX.

404 1258 503 1315 nolum
705 1256 840 1317 lucilius
861 1258 926 1318 Sul.
950 1260 1001 1318 lib.
1027 1258 1132 1316 XXX.

400 1357 669 1417 commanducatur
708 1359 841 1419 Lucillus
862 1359 928 1420 Sat.
952 1361 1001 1420 lio.
1026 1361 1045 1418 J
1054 1365 1083 1424 V.

269 1506 338 1568 iarn
352 1503 392 1570 de
402 1507 551 1571 ordinum
563 1508 762 1590 singulorum
776 1508 1008 1594 compositione
1020 1518 1192 1595 postquam
1200 1509 1345 1574 breuiter

200 1607 427 1689 disseruimus,
446 1619 639 1694 peruentum
656 1617 705 1672 est
725 1609 767 1672 ad
782 1609 888 1694 ipsam
905 1610 1047 1695 capitum
1064 1611 1341 1696 compositionem.

200 1731 265 1794 qua
287 1709 372 1772 inre
388 1709 527 1794 primum
551 1718 648 1795 caput
671 1711 832 1794 quomodo
848 1711 1062 1796 compositum
1085 1713 1128 1775 sit
1149 1712 1254 1775 fusius
1271 1735 1344 1776 cum

201 1811 265 1873 iam
287 1810 482 1895 explicuerit
511 1810 803 1876 Schottrnuellerus
827 1812 903 1877 satis
931 1823 981 1878 est
1003 1813 1146 1877 breuiter
1174 1836 1344 1877 enarrasse

202 1933 358 1996 quaenam
376 1912 441 1976 sint
456 1910 542 1975 illius
559 1912 675 1998 capitis
691 1922 800 1998 partes
817 1922 850 1977 et
865 1936 928 2000 quo
944 1913 1059 1978 ordine
1074 1935 1146 1978 sese
1167 1915 1342 1999 excipiant.

206 2023 281 2076 sunt
302 2022 412 2076 autem
434 2013 510 2077 hae:

264 2165 339 2229 inde
355 2188 374 2228 a
389 2163 539 2230 lemmate
554 2168 575 2230 4
589 2189 692 2253 usque
708 2167 751 2232 ad
766 2167 787 2230 l.
800 2167 855 2231 35:
874 2163 1060 2233 testimonia
1073 2190 1090 2231 e
1103 2168 1210 2232 Plauti
1223 2170 1343 2234 fabulis

675 2269 900 2352 duodeuiginti
924 2268 1106 2354 desumpta.

467 2371 607 2435 zio—39:
632 2370 777 2435 Lucretii
800 2369 960 2456 exempla.

466 2473 592 2537 41-48

466 2573 592 2638 [so-(58

469 2675 611 2738 49-64:
636 2675 869 2760 Pomponiana.

471 2777 610 2842 69-79':
635 2777 755 2842 Lucilii
778 2776 965 2842 testimonia
987 2799 1005 2840 e
1028 2776 1119 2841 libris
1143 2776 1344 2842 III-XVII

679 2878 882 2966 deprompta.

468 2981 608 3046 80-81:
633 2981 893 3045 Pacuuianorum
917 2981 996 3045 ordo
1018 2980 1253 3067 exemplorum.

468 3082 608 3146 82-89:
633 3082 800 3146 Ciceronis
824 3083 976 3168 exempla
998 3103 1015 3145 e
1038 3080 1129 3146 libris
1154 3082 1194 3146 de
1216 3082 1343 3168 republ.

678 3184 860 3269 desumpta.

469 3285 607 3351 90-97:
631 3285 808 3351 uerborum
841 3285 920 3350 ordo
957 3285 1040 3350 uitia
1072 3284 1256 3371 corporalia
1289 3307 1344 3349 no-

679 3389 828 3452 tantium.

445 3489 523 3552 98-
533 3490 607 3552 108:
632 3498 763 3554 saturae
769 3490 996 3554 Varronianae
1008 3489 1126 3575 quibus
1140 3488 1226 3554 tituli
1240 3489 1344 3576 dupli·

677 3612 730 3654 ces
754 3600 839 3654 sunt.

429 3691 611 3757 109-112:
635 3690 829 3758 Afraniana.

426 3795 606 3859 113-117:
631 3792 781 3880 exempla
817 3816 835 3857 e
869 3793 1037 3898 Ciceponis
1081 3792 1122 3857 de
1160 3793 1213 3858 off.
1252 3793 1343 3882 libris

676 3896 812 3962 adscita.

428 3999 609 4064 118-123:
636 3996 839 4082 Vergiliana.

430 4102 609 4165 lul-134:
633 4100 839 4163 Terentiana.

427 4203 607 4266 135-143:
631 4200 782 4287 exempla
810 4224 826 4264 e
856 4201 1021 4266 Ciceronis
1050 4203 1083 4264 in
1111 4201 1247 4264 Verrem
1276 4224 1344 4264 ora-

676 4303 821 4368 tionibus
845 4302 964 4368 adlata.

428 4406 609 4469 144-171:
632 4404 751 4471 Lucilii
764 4404 951 4468 testimonia
963 4427 980 4467 e
994 4403 1084 4467 libris
1099 4403 1343 4468 XXX—XXVI

677 4505 825 4573 collecta.

625 2546 632 2586 :
657 2521 803 2604 Attiano,
827 2523 945 2608 quibus
968 2523 1227 2592 intermittuntur
