3262 5196
689 366 900 428 ...ss3..

222 534 313 598 ribus
336 535 512 600 uerborum
534 533 761 621 explicationis
785 544 817 598 et
832 533 933 600 Gellii
950 532 1101 619 (XVIII,
1126 535 1180 618 12)
1205 533 1368 598 Seruiani-

222 657 285 721 quc
308 634 372 701 loci
393 635 483 702 haud
505 638 661 720 exiguum
683 647 749 700 tres
773 634 846 700 illos
870 635 1099 719 grammaticos
1121 635 1261 699 eProbo
1285 654 1368 696 com-

223 739 311 802 muni
327 747 460 802 auctore
477 760 537 801 sua
552 736 714 802 delibasse
730 729 948 821 colligendum
963 736 1107 800 uidetur.
1136 734 1223 820 quod
1239 735 1367 798 acutius

222 860 320 925 quam
331 841 440 904 uerius
456 839 618 902 iudicasse
631 838 736 902 uirum
752 838 882 902 doctum
899 838 1050 902 arbitror.
1073 857 1212 922 namque
1227 837 1367 920 primum

222 950 398 1006 concentus
421 941 505 1003 inter
526 939 685 1004 Seruiana
708 939 809 1004 uerba
831 948 863 1004 et
885 938 1036 1003 Noniana
1057 938 1191 1002 minime
1213 937 1261 1000 ita
1283 957 1367 1000 com-

156 1085 160 1092 ·
224 1051 358 1127 paratus
381 1041 513 1105 uidetur
528 1050 565 1105 ut
586 1042 696 1104 statim
717 1049 891 1125 utrumque
907 1061 950 1103 ex
971 1039 1085 1104 eodem
1100 1039 1251 1102 hausisse
1273 1037 1370 1101 liceat

223 1152 378 1206 statuere.
429 1142 564 1207 Seruius
603 1143 689 1205 enim
729 1140 963 1206 Sallustianum
1001 1139 1200 1226 exemplum,
1240 1139 1366 1204 Nonius

221 1267 254 1330 p.
276 1243 350 1326 472,
375 1244 412 1306 11
435 1242 569 1323 Lucilii,
592 1243 702 1308 Plauti
724 1266 757 1329 p.
778 1242 851 1324 475,
875 1241 917 1305 20
938 1240 1085 1322 Afranii,
1108 1241 1244 1321 Lucilii,
1267 1240 1365 1322 Attii,

221 1345 321 1407 Ennii
343 1344 488 1431 protulit.
534 1343 668 1409 Seruius
696 1341 833 1408 tradidit
855 1342 998 1408 Probum
1028 1341 1245 1407 differentiam
1267 1362 1366 1427 quan-

222 1445 297 1510 dam
320 1445 474 1511 statuisse
497 1447 744 1511 inte1·aotiuam
767 1443 905 1508 formam
928 1452 960 1506 et
981 1444 1166 1529 passiuam,
1189 1441 1277 1527 apud
1300 1441 1366 1506 No-

195 1547 311 1609 ·nium
335 1547 404 1611 eius
427 1546 474 1610 rei
496 1569 556 1610 nec
578 1545 653 1611 uola
674 1567 735 1610 nec
762 1546 950 1630 uestigium.
994 1545 1068 1629 ipsa
1097 1543 1236 1630 denique
1263 1543 1367 1608 uerba

221 1646 284 1712 alio
307 1656 443 1734 uterque
466 1649 576 1734 posuit
599 1648 713 1712 ordine
735 1656 832 1732 atque
853 1668 894 1709 ne
917 1645 977 1708 hoc
1000 1644 1132 1731 quidem
1154 1643 1366 1730 premendum

222 1757 273 1812 est
295 1749 383 1834 quod
405 1757 437 1812 et
459 1748 584 1813 Nonius
608 1759 640 1812 et
663 1748 789 1813 Gellius
813 1747 926 1812 eadem
949 1746 1103 1811 adferunt
1124 1746 1241 1829 uerba3
1270 1745 1365 1810 debe·

223 1853 302 1914 bant
324 1851 410 1914 enim
434 1850 468 1912 in
490 1849 551 1915 hac
574 1873 609 1914 re
631 1850 699 1914 fere
722 1849 836 1913 eadem
858 1848 1028 1914 nominari.
1067 1845 1192 1912 Gellius
1216 1857 1320 1911 autern
1338 1849 1365 1911 si

221 1953 262 2016 ad
284 1951 528 2037 contemplandi
550 1973 664 2016 uocem
686 1949 964 2036 comprobandam
992 1949 1078 2012 idem
1100 1947 1287 2014 Plautinum
1309 1949 1365 2011 ad-

220 2053 313 2117 hibet
340 2053 427 2138 quod
454 2052 596 2134 Nonius,
632 2051 849 2116 dubitandum
877 2061 927 2116 est
953 2072 994 2113 an
1026 2051 1134 2136 potius
1162 2050 1227 2135 ipsi
1255 2049 1363 2114 Gellio

221 2153 408 2238 exemplum
447 2152 527 2217 illud
563 2153 688 2217 Nonius
726 2151 877 2217 debuerit
914 2173 988 2215 cum
1026 2155 1219 2235 praesertim
1256 2150 1364 2214 Plauti

224 2257 447 2320 testimonium
462 2261 629 2333 contempla
643 2253 789 2318 lemmati
811 2263 956 2318 extremo
982 2251 1111 2316 demum
1134 2249 1202 2315 loco
1225 2252 1364 2315 affixum

221 2357 273 2420 sit.
317 2356 442 2421 accedit
464 2355 551 2442 quod
574 2377 615 2418 ne
635 2355 820 2419 Priscianus
844 2354 976 2440 quidem
1002 2363 1112 2438 potest
1134 2351 1363 2418 difficultatem

220 2460 385 2544 expedire.
440 2458 468 2520 is
501 2457 586 2521 enim
620 2457 770 2543 quamuis
802 2479 833 2543 p.
862 2456 940 2538 393,
977 2455 997 2518 9
1029 2454 1172 2519 Probum
1208 2456 1364 2538 nominet,

220 2568 328 2623 tamen
355 2558 436 2624 alios
464 2580 591 2645 quoque
621 2557 730 2622 adfert
758 2568 915 2622 auctores
960 2556 1007 2620 sic
1036 2567 1145 2620 autem
1173 2556 1261 2641 apud
1290 2578 1363 2619 eum
1430 2575 1433 2582 ⁴

220 2674 284 2724 est:
309 2666 373 2724 ‘sed
392 2673 422 2724 et
441 2681 542 2723 eorum
564 2670 594 2724 et
613 2667 798 2738 superiorum
812 2665 940 2722 omnium
962 2679 1033 2722 usus
1052 2667 1112 2720 tum
1133 2662 1218 2736 apud
1233 2661 1363 2736 Capram

220 2783 309 2842 quum
330 2767 416 2842 opud
438 2767 565 2825 Plinium
592 2772 621 2825 et
642 2765 771 2825 Probum
800 2766 953 2828 r'uuem'ea'
998 2758 1077 2844 quid
1105 2781 1146 2822 ex
1174 2760 1224 2821 his
1253 2759 1363 2823 uerbis

198 2863 388 2950 sequitur?
418 2862 464 2927 nil
492 2864 609 2949 opinor
634 2864 698 2926 nisi
725 2863 785 2926 hoc
813 2861 1018 2924 Priscianum
1046 2869 1114 2924 tam
1136 2860 1237 2945 Capri
1266 2883 1362 2946 quam

219 2964 319 3028 Plinii
335 2964 497 3052 Probique
512 2963 614 3030 libros
637 2965 832 3049 inspexisse.
869 2985 934 3049 qua
955 2983 990 3026 re
1007 2961 1121 3027 eodem
1136 2963 1205 3025 iure
1221 2960 1363 3025 Plinium

220 3065 317 3130 Nonii
340 3075 506 3131 auctorem
530 3065 638 3130 dicere
654 3066 761 3152 possis
778 3087 850 3129 cum
866 3065 1060 3151 praesertim
1075 3073 1166 3128 extet
1181 3063 1362 3127 simillimus

220 3166 309 3232 locus
333 3168 440 3232 Seruii
462 3168 518 3233 ubi
542 3167 654 3233 eodem
677 3166 773 3231 modo
796 3176 893 3252 atque
916 3165 958 3230 ad
981 3166 1064 3229 Aen.
1088 3165 1116 3246 Ι,
1143 3165 1203 3228 194
1224 3164 1361 3246 ProbuS,

218 3269 345 3332 Plinius
375 3269 557 3356 appelletur
579 3270 673 3333 testis
697 3268 754 3353 (cf.
778 3269 820 3333 ad
842 3269 925 3332 Aen.
950 3267 1027 3352 VII,
1049 3266 1138 3350 273).
1179 3267 1240 3331 hoc
1262 3267 1363 3351 igitur

220 3371 253 3435 in
274 3371 381 3435 medio
404 3369 598 3458 relinquitur
620 3391 717 3457 quem
743 3371 885 3434 maxime
907 3392 948 3434 ex
977 3369 1080 3433 tribus
1109 3368 1174 3432 illis
1201 3389 1362 3452 gramma-

219 3475 291 3537 ticis
315 3481 445 3537 secutus
470 3473 513 3537 sit
527 3473 668 3555 Nonius;
693 3493 889 3558 quamquam
904 3470 1017 3554 negari
1033 3469 1146 3555 nequit
1161 3471 1203 3534 ad
1219 3470 1362 3535 Probum

218 3584 373 3660 tanquam
395 3596 510 3638 uerum
524 3583 691 3639 auctorem
712 3573 782 3637 eius
799 3570 939 3636 frustula
954 3571 1077 3654 redire,
1102 3571 1239 3635 dubium
1255 3581 1361 3635 tamen

219 3685 269 3740 cst
291 3699 367 3741 num
391 3699 429 3740 ea
451 3676 515 3761 ipsi
537 3675 645 3741 Probo
669 3673 829 3740 debuerit.
874 3672 932 3738 sed
960 3681 998 3736 ut
1019 3671 1206 3736 Priscianus
1230 3681 1262 3736 et
1283 3673 1361 3736 Dio·

218 3777 329 3842 medes
351 3777 502 3863 pluribus
524 3777 575 3840 usi
598 3785 675 3840 sunt
694 3776 841 3841 fontibus
865 3775 912 3840 sic
935 3774 1031 3839 etiam
1047 3773 1189 3838 Nonium
1211 3795 1276 3839 non
1297 3796 1361 3838 uno

218 3903 236 3943 e
258 3880 349 3944 fonte
372 3879 429 3943 sed
452 3901 470 3943 e
492 3877 641 3964 pluribus
663 3879 781 3963 capitis
797 3877 927 3963 septimi
943 3875 1053 3961 copias
1070 3875 1273 3961 expiscatum
1290 3897 1361 3940 esse

219 3981 346 4045 duabus
374 3980 580 4065 potissimum
614 3981 711 4046 rebus
747 3979 789 4043 ad
824 3979 1142 4044 uerisimilitudinem
1176 3977 1361 4042 adducitur.

217 4104 293 4146 nam
314 4083 375 4146 hoc
397 4103 524 4168 quoque
541 4082 646 4168 capite
660 4104 733 4146 cum
749 4080 881 4146 ordines
899 4078 1121 4166 exemplorum
1137 4081 1247 4144 adsint
1269 4079 1362 4165 eique

216 4186 330 4269 paucis
354 4187 500 4270 exceptis
522 4206 654 4270 prorsus
671 4183 784 4248 eodem
807 4183 902 4246 modo
918 4182 1124 4268 excipiantur
1139 4191 1236 4266 atque
1258 4182 1361 4268 primo

218 4295 249 4349 et
270 4285 404 4372 reliquis
428 4285 607 4372 capitibus,
631 4287 755 4350 eisdem
778 4283 820 4349 ad
837 4283 982 4370 singulos
1004 4285 1179 4370 scriptores
1202 4305 1360 4347 commen-

217 4388 310 4451 tariis
333 4410 405 4451 eum
421 4409 514 4451 usum
540 4409 611 4451 esse
628 4395 719 4473 patet
740 4409 820 4473 quos
844 4388 943 4450 ctiam
958 4385 1038 4450 alibi
1062 4387 1265 4471 excerpsisse
1287 4407 1360 4449 eum

218 4498 251 4553 ct
272 4489 414 4554 uidimus
437 4499 469 4555 et
491 4489 576 4553 infra
591 4491 788 4556 uidebimus.
824 4489 941 4554 deinde
957 4497 1065 4554 autem
1090 4489 1118 4552 si
1140 4509 1181 4551 ex
1197 4509 1260 4551 unc
1276 4486 1359 4551 libro
