3260 5212
681 373 909 438 -145-

224 540 357 624 quidem
393 549 527 625 propior
564 542 691 605 consilii
728 543 955 607 diuersitatem
983 543 1124 607 Noniani
1155 554 1188 609 et
1216 545 1371 610 Verriani

225 663 360 726 operum
384 633 514 707 omnino
536 645 671 726 negauit
693 644 753 708 hoe
774 644 850 708 usui
878 643 980 709 fuisse
1002 645 1119 710 Nonio.-
1166 647 1303 731 ‘igitur'
1324 649 1372 710 in-

222 743 292 828 quit
316 744 525 808 ‘omniafere
541 745 671 810 diuersa
687 755 778 829 sunt3
802 753 835 809 at
857 747 885 810 si
908 746 986 832 quid
1010 744 1115 810 simile
1138 747 1238 812 habet
1260 748 1371 812 breuis

224 843 411 929 explicatio,
428 844 489 910 hoc
511 869 578 912 non
600 855 769 912 auctorum
792 847 928 911 oonsilio
951 847 1009 911 sed
1031 849 1123 912 casui
1139 848 1372 913 tribuendum?

225 947 434 1012 uehementer
456 956 562 1012 autem
585 947 735 1034 suspicor
750 971 865 1033 parum
881 957 1033 1013 accurate
1047 960 1221 1036 utrumque
1237 951 1372 1036 scripto-

224 1069 292 1111 rem
315 1047 436 1114 abillo
459 1071 530 1114 esso
554 1049 717 1114 collatum.
761 1049 880 1114 totiens
904 1050 989 1114 enim
1012 1059 1143 1136 tamque
1159 1051 1270 1115 multis
1292 1050 1372 1116 locis

203 1149 356 1234 ,egregio
379 1153 600 1238 expositiones
622 1153 792 1237 utriusque
809 1152 1008 1237 conspirant,
1032 1173 1259 1239 nonnusquam
1275 1153 1373 1217 eiiam

225 1253 300 1336 ipsa
323 1251 472 1338 exempla
495 1254 689 1339 scriptorum
715 1277 734 1318 a
756 1254 864 1318 Nonio
887 1251 969 1316 alias
986 1277 1090 1340 paene
1112 1277 1272 1340 nusquam
1288 1257 1373 1319 com-

226 1363 496 1438 memoratorum,
532 1365 568 1419 ut
598 1355 702 1419 omnis
731 1355 817 1418 inter
845 1376 899 1418 eos
923 1356 1107 1420 communio
1138 1356 1250 1439 negari
1282 1354 1372 1420 nullo

226 1464 321 1541 pacto
344 1443 461 1540 possit.
506 1458 649 1522 concedo
672 1457 803 1541 quidem
823 1455 1009 1520 Gerlaohio·
1022 1458 1108 1542 quod
1130 1456 1374 1521 concedendum

227 1566 277 1620 cst
299 1557 403 1643 ipsius
427 1557 535 1622 Verrii
557 1556 669 1642 copias
692 1557 837 1622 Nonium
858 1579 924 1621 non
946 1559 1148 1630 excussissc;
1176 1556 1237 1622 hoo
1265 1568 1374 1622 tamen

226 1657 324 1754 ualde
357 1667 483 1722 certum
518 1659 623 1724 habeo
657 1657 846 1723 auctoribus
880 1680 954 1721 eum
981 1681 1076 1722 usum
1098 1681 1170 1722 esse
1199 1660 1254 1744 qui
1282 1659 1376 1745 quasi

226 1759 336 1824 Verrii
359 1780 436 1824 suco
458 1760 651 1828 uictitarinl.
696 1759 787 1824 ouius
817 1758 863 1822 rei
891 1781 965 1822 oum
989 1769 1086 1824 antea
1112 1759 1299 1825 testimonia
1321 1761 1376 1824 ad-

226 1861 355 1924 tulerim
378 1859 634 1946 locupletissima
656 1869 848 1946 persecutus
871 1859 1014 1944 ordines,
1037 1870 1106 1924 tum
1128 1861 1279 1947 hisquae
1301 1861 1376 1925 sub-

230 1962 371 2027 scribam
394 1961 565 2047 scrupulos
589 1984 684 2047 spero
707 1985 759 2026 me
781 1961 878 2046 plano
901 1971 1138 2047 exempturum.

227 2165 311 2230 Non.
334 2189 365 2251 p.
389 2167 419 2229 3.
464 2172 598 2230 uelitatio
621 2171 732 2230 dicitur
760 2173 835 2230 leuis
857 2172 1007 2230 contentio
1034 2173 1377 2242 erc-conpressione

354 2262 517 2332 uelitum.
565 2272 688 2332 Plautus
710 2272 855 2331 Asinaria
878 2289 906 2330 o.
929 2290 961 2353 q.
985 2289 1010 2331 s.
1055 2272 1147 2331 idem
1175 2272 1374 2332 Meaueclr·

353 2376 436 2434 mis:
470 2372 614 2434 ‘nescio
647 2374 738 2448 quia
768 2390 832 2433 uos
862 2375 1019 2454 aelitati
1052 2376 1146 2432 estis
1173 2375 1277 2432 iater-
1310 2390 1375 2433 uos

356 2475 442 2535 riuo'
465 2494 494 2536 e.
517 2492 548 2555 q.
571 2493 597 2535 s.
642 2470 686 2533 cf.
709 2468 802 2534 Paul.
825 2492 857 2555 p.
879 2470 951 2533 369.
976 2476 1111 2535 volitatio
1133 2475 1217 2533 clieta
1238 2481 1283 2533 cst
1296 2476 1376 2533 ultro

354 2579 488 2651 citroque
509 2579 694 2652 probrorum
722 2576 877 2636 obiectatio
911 2576 954 2635 ab
987 2577 1159 2650 exemplo
1195 2576 1377 2635 uelitaris

352 2695 511 2754 papaae.
561 2677 703 2737 Plautus:
736 2679 862 2737 nescio
889 2677 980 2751 quid
1006 2678 1162 2736 uelitati
1191 2678 1284 2735 estis
1317 2679 1374 2735 ia-

355 2787 412 2839 ter
434 2781 510 2840 uos!
1080 2785 1083 2790 '

228 2877 312 2943 Non.
341 2899 372 2962 p.
402 2878 460 2959 87,
492 2877 541 2940 15.
585 2883 804 2958 compluriens,
824 2878 1014 2953 frequenter.
1060 2879 1185 2938 llatae.
1208 2896 1239 2958 q.
1263 2896 1289 2937 s.
1333 2873 1374 2937 cf.

354 2978 445 3044 Paul.
469 3001 500 3064 p.
525 2978 577 3043 59.
605 2984 808 3057 compluriens
831 2998 850 3040 a
873 2980 1076 3056 compluribus
1102 2983 1256 3055 sipaificut
1277 2996 1376 3054 saepe.

359 3088 449 3146 Cata:
472 3103 499 3144 e.
523 3103 553 3166 q.
578 3103 603 3144 u.
987 3099 989 3103 ·

229 3183 313 3246 Non.
338 3205 370 3268 p.
397 3183 467 3265 119,
494 3182 543 3244 18.
585 3188 734 3266 prumiae,
751 3187 924 3260 pituitae
946 3186 1149 3244 oculorum.
1181 3178 1225 3243 cf.
1247 3177 1373 3244 Placid.

355 3283 456 3370 gloss.
480 3306 511 3371 p.
527 3283 605 3347 467:
626 3288 764 3365 prumtis,
786 3289 898 3360 premis
920 3302 998 3359 qaue
1016 3291 1085 3345 suat
1100 3288 1266 3361 pituitae
1289 3302 1374 3344 ocu-

362 3385 536 3471 lorum.⁵¹)

230 3489 313 3552 Non.
337 3510 368 3572 p.
393 3487 465 3568 149,
488 3485 538 3549 22.
582 3506 698 3566 panus,
726 3496 843 3548 tramae
871 3490 1059 3548 inuolucrum
1082 3504 1187 3562 quam
1215 3490 1375 3548 diminu-

357 3596 432 3654 tiue
457 3592 660 3668 paauclura
689 3606 871 3651 uocamus.
915 3583 958 3649 of.
990 3584 1080 3648 Fosi.
1107 3609 1138 3672 p.
1169 3585 1247 3650 220:
1272 3607 1375 3666 panus

354 3695 436 3768 facit
458 3694 731 3754 deminutiaum
750 3694 954 3770 panucula.

231 3793 316 3857 Non.
340 3814 370 3879 p.
397 3792 467 3877 158,
491 3791 541 3857 14.
580 3798 708 3871 puellos,
737 3811 856 3871 pueros.
907 3795 1008 3854 Varro
1033 3791 1220 3853 Teslameato
1242 3809 1270 3850 e.
1294 3811 1325 3873 q.
1349 3810 1374 3850 u.
1429 3818 1439 3826 -

358 3899 535 3958 Lucilius
557 3897 633 3956 Sat.
657 3897 716 3956 lio.
732 3896 797 3957 JV:
819 3896 990 3970 ‘eumque
1010 3895 1072 3953 laic
1089 3900 1163 3953 tam
1182 3894 1375 3966 formosus

359 4000 429 4059 tibi
449 4015 491 4058 ac
513 4005 549 4058 te
570 3999 706 4072 aliperus
722 3997 900 4074 puellus?
945 3992 988 4055 cf.
1011 3991 1101 4056 Fest.
1126 4014 1158 4077 p.
1181 3990 1254 4054 249.
1281 3996 1377 4069 puelli

352 4118 414 4176 per
440 4102 665 4161 diminutionem
694 4117 714 4159 a
741 4102 845 4175 pueris
867 4100 939 4159 dicti
964 4105 1041 4158 suut.
1086 4101 1187 4172 itaque
1208 4106 1237 4156 et
1259 4097 1377 4156 Ennius

360 4206 419 4264 ait:
442 4203 547 4268 ‘Pacui
566 4203 647 4262 soliti
667 4219 736 4262 suos
757 4203 933 4273 sacrificare
958 4202 1097 4276 puellos!
1130 4205 1165 4259 ct
1188 4199 1376 4258 Lucilius:

301 4437 347 4504 51)
365 4439 496 4491 Placidus
514 4437 630 4490 Paulum
650 4441 678 4488 et
696 4439 807 4488 Festum
826 4435 986 4500 compilauit
1004 4436 1040 4488 cf.
1054 4433 1085 4484 0.
1099 4433 1216 4484 Mueller
1232 4433 1321 4498 praef.
1339 4433 1375 4482 ad

204 4590 209 4600 ι
234 4525 346 4574 Festum
363 4541 389 4590 p.
408 4525 529 4576 XXXIII
547 4540 587 4589 sq.

286 4605 390 4658 Schmidt,
405 4607 432 4647 tle
445 4606 508 4647 Nonii
522 4605 616 4647 Marcelli
630 4610 686 4648 auct.
701 4615 792 4656 gramm.
1133 4609 1173 4665 10
