3262 5196
687 349 874 410 „9„„

216 514 364 578 redeunt:
395 518 559 592 παλλακίς
586 523 623 580 de
652 523 768 583 Graeco
795 529 844 583 eat
861 523 1008 606 desumi)
1039 522 1095 606 (cf.
1129 523 1228 588 Nonii
1255 525 1358 589 uerba

215 639 233 678 a
269 621 385 682 Graeco
412 624 558 684 uocabulo
593 625 842 698 siqnificaa’ooem
876 630 1017 700 inflexum
1045 626 1189 708 putarat),
1224 649 1263 690 nc
1297 626 1357 690 hcc

149 799 155 808 υ
213 721 353 784 maxime
364 741 500 804 urgeam
513 721 600 807 quod
612 723 699 808 apud
716 723 858 788 Nonium
880 725 1098 810 etymologiae
1120 725 1208 790 illius
1226 750 1245 790 a
1267 728 1357 813 pelli·

214 820 320 886 cieudi
342 841 424 885 uoce
446 821 564 887 ductae
587 846 647 889 nec
669 825 745 900 uola
767 847 827 889 nec
842 827 1017 911 uestigium
1033 829 1087 911 sit,
1110 829 1208 894 immo
1224 850 1357 914 prorsus

214 923 280 988 alia
300 931 405 1004 pellex
437 925 586 990 uocabuli
609 928 699 1011 origo
722 949 742 990 a
764 927 893 993 Graeca
924 950 1004 993 uoce
1036 939 1211 1016 repetatur.
1254 953 1358 1017 nequo
1397 1003 1401 1010 ,

216 1037 265 1092 ast
287 1049 345 1093 cur
366 1025 556 1092 Marcellum
580 1028 723 1094 frustula
745 1031 906 1116 quaedam
928 1030 1060 1096 aliunde
1083 1042 1197 1117 postea
1220 1032 1359 1119 repetita

215 1128 385 1195 ordinibus
396 1129 573 1194 inseruisse
586 1133 656 1195 siue
667 1143 702 1198 ut
718 1133 828 1196 uerius
844 1134 961 1214 dicam,
983 1134 1029 1198 ibi
1045 1136 1188 1198 assuisse
1203 1155 1358 1217 negemus

216 1230 273 1295 ubi
295 1232 438 1296 maxime
459 1254 518 1317 per
540 1234 640 1318 spatii
662 1235 938 1320 opportunitatem
961 1234 1092 1300 licebat.
1122 1234 1208 1322 quod
1225 1235 1358 1322 quidem

215 1355 250 1397 re
272 1355 352 1398 uera
374 1355 471 1419 saepe
495 1333 617 1399 factum
640 1357 711 1400 esse
734 1357 808 1400 cum
823 1359 884 1422 per
906 1359 976 1402 sese
993 1337 1169 1402 admodum
1185 1347 1234 1402 est
1257 1337 1358 1402 credi·

217 1435 281 1499 bile
309 1445 378 1500 tum
406 1443 537 1501 tarialim
565 1436 683 1502 lemma
710 1439 743 1502 in
777 1441 848 1524 ipso
883 1438 1107 1504 Plautinorum
1136 1439 1358 1525 exemplorum

217 1537 329 1602 ordine
353 1538 545 1604 documento
564 1550 624 1604 est.
655 1561 730 1604 nam
745 1540 807 1605 hoc
822 1563 951 1627 quoque
966 1541 1085 1606 lemma
1100 1550 1214 1627 postea
1229 1543 1359 1606 demum

216 1663 236 1704 a
259 1638 364 1705 Nonio
387 1641 557 1705 inuentum
579 1641 624 1705 ibi
648 1642 786 1707 affixum
809 1664 881 1706 esse
904 1642 962 1708 ubi
984 1643 1128 1729 spatium
1145 1643 1358 1730 permitteret,

215 1739 312 1805 facile
342 1763 435 1828 spero
464 1751 496 1806 tc
524 1765 595 1806 esse
623 1764 853 1808 concessurum
885 1747 914 1809 si
942 1744 985 1808 ad
1011 1744 1118 1830 ipsum
1141 1744 1228 1834 quod
1251 1742 1361 1807 adfert

217 1843 342 1908 Nonius
370 1843 554 1930 exemplum
562 1892 571 1926 ,
600 1855 632 1910 te
654 1845 855 1930 relegauero.
901 1856 951 1910 est
974 1847 1057 1910 enim
1081 1845 1116 1910 id
1144 1845 1318 1932 repetitum
1343 1867 1360 1908 c

218 1947 372 2012 Varronis
398 1945 439 2010 de
461 1946 531 2010 uita
553 1945 665 2033 populi
687 1947 826 2012 Romani
848 1947 932 2014 libro
954 1950 1071 2035 primo.
1116 1947 1208 2033 atqui
1231 1945 1359 2012 Schott·

219 2049 392 2114 muellerus
420 2058 487 2113 tam
515 2059 610 2113 acute
637 2072 735 2135 quam
762 2049 976 2135 probabiliter
1006 2073 1048 2116 ex
1075 2051 1148 2136 ipsa
1174 2048 1319 2114 locorum
1343 2071 1360 2110 e
1417 2085 1425 2092 ·

219 2151 376 2216 Varronis
412 2151 452 2215 de
480 2151 550 2216 uita
582 2149 695 2237 populi
724 2151 863 2215 Romani
898 2150 991 2215 libris
1027 2152 1273 2237 desumptorum
1304 2171 1362 2235 per

219 2264 323 2320 totum
345 2252 474 2318 lexicon
498 2252 710 2338 discriptione
726 2276 764 2318 ac
780 2254 961 2338 digestione
976 2253 1055 2318 haec
1072 2250 1252 2337 collegium:
1271 2249 1362 2316 ‘viel-

219 2356 318 2422 leicht
340 2355 468 2421 erklart
489 2355 559 2420 sich
582 2353 724 2437 hieraus,
749 2353 893 2419 weshalb
917 2354 970 2419 die
993 2354 1101 2419 (litate
1124 2377 1183 2418 aus
1199 2353 1305 2418 Varro
1321 2351 1362 2416 dc

219 2459 290 2522 uita
310 2480 342 2544 p.
367 2457 407 2520 R.
430 2479 466 2521 so
489 2466 651 2521 nerstreut
674 2456 764 2539 sind3
787 2456 913 2520 Nonius
938 2455 1063 2520 scheint
1086 2457 1133 2520 sie
1161 2477 1203 2520 an
1227 2453 1362 2534 Stellam

219 2582 269 2624 wo
292 2559 361 2624 sich
383 2558 485 2644 grade
507 2557 600 2622 Platz
623 2558 714 2639 land,
739 2556 981 2642 nachgetragen
997 2556 1065 2620 und
1081 2580 1143 2621 nur
1159 2557 1252 2621 einen
1268 2553 1363 2618 Theil

221 2689 272 2734 am
301 2663 452 2730 Schlusse
481 2659 584 2726 selbst
616 2659 774 2744 angeliigt
801 2674 842 2722 zu
871 2658 1001 2724 haben’
1034 2681 1138 2744 neque
1172 2657 1238 2723 ullo
1266 2657 1362 2721 modo

221 2769 400 2836 timendum
424 2773 473 2829 est
495 2786 536 2828 ne
559 2761 727 2848 quisquam
751 2760 828 2824 huic
850 2762 1055 2826 coniecturae
1078 2799 1117 2807 -—
1133 2761 1212 2824 mihi
1231 2759 1362 2846 quidem

221 2871 317 2936 ualde
340 2869 496 2956 probatae
518 2903 560 2912 -
582 2865 702 2928 existat
724 2863 944 2927 aduersarius.
975 2871 1074 2940 testes
1091 2871 1199 2927 autem
1221 2859 1362 2945 locuple-

221 2973 339 3038 tissimi
360 2969 455 3034 nobis
478 2966 639 3032 accedunt
661 2964 791 3030 ordines
814 2963 861 3028 illi
883 2964 1030 3029 locorum
1054 2987 1094 3029 ex
1111 2962 1184 3027 aliis
1200 2963 1364 3049 scriptori-

221 3076 283 3140 bus
307 3080 557 3156 congestorum,
586 3090 668 3154 quos
691 3064 854 3130 Plautinis
877 3065 1004 3130 Nonius
1028 3066 1177 3129 inseruit.
1214 3088 1246 3151 p.
1270 3065 1321 3146 83,
1345 3065 1363 3128 7

222 3176 382 3264 incipiunt
409 3171 561 3237 Plautina
589 3193 609 3234 a
635 3168 787 3233 lemmate
814 3177 963 3249 canteram
992 3166 1253 3230 intermittuntur
1280 3164 1363 3228 Var-

223 3278 359 3342 roniana
380 3297 482 3360 usque
504 3273 545 3337 ad
568 3277 712 3336 comedim
740 3270 816 3334 inde
843 3291 948 3354 aquo
977 3268 1130 3333 lemmate
1157 3267 1366 3332 continuatur

224 3379 301 3444 ordo
329 3377 511 3442 Plautinus.
556 3371 706 3438 similiter
734 3394 786 3434 res
816 3393 887 3436 sese
915 3371 1014 3435 habet
1035 3391 1068 3453 p.
1093 3371 1164 3452 171,
1189 3371 1206 3434 7
1231 3390 1300 3454 sqq.
1324 3406 1365 3414 -—

222 3483 394 3547 Lemmata
423 3488 531 3542 autem
559 3474 717 3560 exemplis
747 3496 765 3536 e
792 3473 948 3538 Varronis
978 3471 1018 3535 de
1045 3471 1115 3535 uita
1143 3494 1173 3556 p.
1203 3471 1243 3534 R.
1272 3469 1364 3534 libris

224 3580 424 3669 depromptis
453 3577 617 3642 illustrata
645 3576 774 3660 saepius
803 3575 837 3636 in
865 3572 995 3637 ordines
1024 3573 1152 3635 intrusa
1179 3579 1256 3635 sunt
1276 3569 1367 3634 uelut

225 3708 256 3772 p.
279 3685 320 3748 43
344 3705 392 3768 sq.
411 3691 595 3761 paupertas,
614 3683 752 3757 pandere
775 3698 805 3760 p.
828 3674 889 3738 421
915 3697 984 3761 sqq.
1012 3680 1142 3737 osculum
1170 3683 1199 3736 el
1226 3679 1366 3736 suaniam

225 3795 258 3850 et
280 3784 353 3849 alia.
398 3791 541 3848 ceterum
568 3802 642 3845 curn
671 3776 884 3841 distribueret
912 3775 1120 3840 Varroniana
1148 3776 1179 3862 (e
1202 3772 1295 3839 libris
1325 3771 1365 3835 dc

223 3887 283 3952 uit.
307 3910 338 3973 p.
363 3887 413 3966 R„
438 3883 478 3948 de
501 3892 651 3962 ramat,
675 3881 771 3961 Cato)
794 3901 857 3942 non
882 3878 980 3964 spatii
997 3888 1122 3942 tantum
1144 3875 1365 3963 opportunita-

225 4000 290 4054 tem
312 3988 453 4053 Nouium
476 3985 659 4070 respexisse
681 3981 941 4046 existimabimus
964 3980 1022 4044 sed
1045 3979 1141 4043 etiarn
1164 3973 1366 4065 ipsamlem-

224 4090 320 4154 matis
342 4099 506 4154 naturam.
537 4108 641 4172 neque
664 4084 751 4149 enim
774 4105 852 4148 casu
876 4082 999 4146 facturn
1023 4103 1095 4145 esse
1117 4078 1297 4166 putandum
1317 4088 1368 4143 est

225 4203 263 4258 ut
283 4199 416 4258 osculum
439 4203 468 4254 ct
490 4194 628 4253 saaaiam
649 4188 768 4252 lemma
786 4186 816 4249 ei
832 4183 1038 4270 potissimum
1055 4182 1155 4266 capiti
1170 4181 1368 4247 tribueretur

227 4350 368 4358 ...ο-...-
379 4350 413 4354 --.
422 4349 428 4354 .

295 4431 320 4496 s)
342 4431 384 4481 cf.
404 4429 476 4483 oui
496 4431 528 4484 a.
548 4429 578 4478 a,
598 4427 644 4490 ιν,
664 4431 688 4493 a,
708 4429 731 4476 a.

295 4517 321 4583 o)
341 4518 383 4570 cr.
402 4515 419 4568 1.
440 4515 458 4572 1,
477 4532 502 4582 p.
521 4515 580 4566 aaa.
