<?xml version="1.0" encoding="UTF-8"?>
<!DOCTYPE html PUBLIC "-//W3C//DTD XHTML 1.0 Transitional//EN"
    "http://www.w3.org/TR/xhtml1/DTD/xhtml1-transitional.dtd">
<html xmlns="http://www.w3.org/1999/xhtml" xml:lang="en" lang="en">
 <head>
  <title>
</title>
<meta http-equiv="Content-Type" content="text/html;charset=utf-8" />
  <meta name='ocr-system' content='tesseract 3.04.00' />
  <meta name='ocr-capabilities' content='ocr_page ocr_carea ocr_par ocr_line ocrx_word'/>
</head>
<body>
  <div class='ocr_page' id='page_1' title='image "./denoniimarcelli00schmgoog_0064.png"; bbox 0 0 3262 5196; ppageno 0'>
   <div class='ocr_carea' id='block_1_1' title="bbox 706 381 918 445">
    <p class='ocr_par' dir='ltr' id='par_1_1' title="bbox 706 381 918 445">
     <span class='ocr_line' id='line_1_1' title="bbox 706 381 918 445; baseline -0.005 -16"><span class='ocrx_word' id='word_1_1' title='bbox 706 381 918 445; x_wconf 36' lang='lat' dir='ltr'>...md</span> 
     </span>
    </p>
   </div>
   <div class='ocr_carea' id='block_1_2' title="bbox 236 549 1387 3583">
    <p class='ocr_par' dir='ltr' id='par_1_2' title="bbox 238 549 1387 1956">
     <span class='ocr_line' id='line_1_2' title="bbox 243 549 1385 638; baseline 0.001 -26"><span class='ocrx_word' id='word_1_2' title='bbox 243 557 374 613; x_wconf 88' lang='lat' dir='ltr'>auctore</span> <span class='ocrx_word' id='word_1_3' title='bbox 396 549 445 614; x_wconf 89' lang='lat' dir='ltr'>uti</span> <span class='ocrx_word' id='word_1_4' title='bbox 460 550 603 635; x_wconf 88' lang='lat' dir='ltr'>potuerit</span> <span class='ocrx_word' id='word_1_5' title='bbox 618 550 759 632; x_wconf 88' lang='lat' dir='ltr'>Nonius,</span> <span class='ocrx_word' id='word_1_6' title='bbox 783 551 936 637; x_wconf 87' lang='lat' dir='ltr'>quoniam</span> <span class='ocrx_word' id='word_1_7' title='bbox 960 574 999 615; x_wconf 89' lang='lat' dir='ltr'>ne</span> <span class='ocrx_word' id='word_1_8' title='bbox 1015 574 1132 617; x_wconf 87' lang='lat' dir='ltr'>nomen</span> <span class='ocrx_word' id='word_1_9' title='bbox 1147 552 1278 638; x_wconf 91' lang='lat' dir='ltr'>quidem</span> <span class='ocrx_word' id='word_1_10' title='bbox 1301 573 1385 617; x_wconf 89' lang='lat' dir='ltr'>com-</span> 
     </span>
     <span class='ocr_line' id='line_1_3' title="bbox 240 653 1385 737; baseline 0.001 -24"><span class='ocrx_word' id='word_1_11' title='bbox 240 653 430 716; x_wconf 88' lang='lat' dir='ltr'>mentatoris</span> <span class='ocrx_word' id='word_1_12' title='bbox 455 653 615 715; x_wconf 91' lang='lat' dir='ltr'>nouimus.</span> <span class='ocrx_word' id='word_1_13' title='bbox 653 675 748 737; x_wconf 92' lang='lat' dir='ltr'>quem</span> <span class='ocrx_word' id='word_1_14' title='bbox 772 653 857 716; x_wconf 91' lang='lat' dir='ltr'>enim</span> <span class='ocrx_word' id='word_1_15' title='bbox 880 663 1133 718; x_wconf 85' lang='lat' dir='ltr'>commentatum</span> <span class='ocrx_word' id='word_1_16' title='bbox 1149 676 1220 718; x_wconf 90' lang='lat' dir='ltr'>esse</span> <span class='ocrx_word' id='word_1_17' title='bbox 1242 653 1385 717; x_wconf 88' lang='lat' dir='ltr'>Lucretii</span> 
     </span>
     <span class='ocr_line' id='line_1_4' title="bbox 241 752 1387 840; baseline 0.002 -26"><span class='ocrx_word' id='word_1_18' title='bbox 241 753 386 815; x_wconf 83' lang='lat' dir='ltr'>carmina</span> <span class='ocrx_word' id='word_1_19' title='bbox 406 752 640 816; x_wconf 85' lang='lat' dir='ltr'>adfirmauerat</span> <span class='ocrx_word' id='word_1_20' title='bbox 656 754 852 838; x_wconf 85' lang='lat' dir='ltr'>Suringarus</span> <span class='ocrx_word' id='word_1_21' title='bbox 869 753 1001 818; x_wconf 89' lang='lat' dir='ltr'>Velium</span> <span class='ocrx_word' id='word_1_22' title='bbox 1016 756 1183 840; x_wconf 82' lang='lat' dir='ltr'>Longum,</span> <span class='ocrx_word' id='word_1_23' title='bbox 1208 777 1280 819; x_wconf 90' lang='lat' dir='ltr'>eum</span> <span class='ocrx_word' id='word_1_24' title='bbox 1300 755 1387 817; x_wconf 87' lang='lat' dir='ltr'>inter</span> 
     </span>
     <span class='ocr_line' id='line_1_5' title="bbox 240 853 1385 940; baseline 0.003 -24"><span class='ocrx_word' id='word_1_25' title='bbox 240 853 384 917; x_wconf 89' lang='lat' dir='ltr'>Lucretii</span> <span class='ocrx_word' id='word_1_26' title='bbox 407 854 601 940; x_wconf 80' lang='lat' dir='ltr'>interpretes</span> <span class='ocrx_word' id='word_1_27' title='bbox 631 854 739 919; x_wconf 91' lang='lat' dir='ltr'>locum</span> <span class='ocrx_word' id='word_1_28' title='bbox 770 855 833 920; x_wconf 92' lang='lat' dir='ltr'>sibi</span> <span class='ocrx_word' id='word_1_29' title='bbox 861 856 1031 921; x_wconf 86' lang='lat' dir='ltr'>uindicare</span> <span class='ocrx_word' id='word_1_30' title='bbox 1060 858 1131 921; x_wconf 87' lang='lat' dir='ltr'>iure</span> <span class='ocrx_word' id='word_1_31' title='bbox 1160 857 1295 940; x_wconf 87' lang='lat' dir='ltr'>negauit</span> <span class='ocrx_word' id='word_1_32' title='bbox 1316 857 1385 920; x_wconf 86' lang='lat' dir='ltr'>Rit-</span> 
     </span>
     <span class='ocr_line' id='line_1_6' title="bbox 240 953 1387 1046; baseline 0.003 -29"><span class='ocrx_word' id='word_1_33' title='bbox 240 953 381 1046; x_wconf 76' lang='lat' dir='ltr'>schelius</span> <span class='ocrx_word' id='word_1_34' title='bbox 411 956 467 1038; x_wconf 88' lang='lat' dir='ltr'>(cf.</span> <span class='ocrx_word' id='word_1_35' title='bbox 491 955 624 1040; x_wconf 83' lang='lat' dir='ltr'>Parerg.</span> <span class='ocrx_word' id='word_1_36' title='bbox 646 979 679 1043; x_wconf 90' lang='lat' dir='ltr'>p.</span> <span class='ocrx_word' id='word_1_37' title='bbox 702 957 780 1042; x_wconf 83' lang='lat'>363)</span> <span class='ocrx_word' id='word_1_38' title='bbox 809 979 913 1042; x_wconf 90' lang='lat' dir='ltr'>noque</span> <span class='ocrx_word' id='word_1_39' title='bbox 936 958 1203 1022; x_wconf 81' lang='lat' dir='ltr'>&#39;Graefenhanius</span> <span class='ocrx_word' id='word_1_40' title='bbox 1233 958 1387 1043; x_wconf 86' lang='lat' dir='ltr'>(historia</span> 
     </span>
     <span class='ocr_line' id='line_1_7' title="bbox 239 1055 1385 1145; baseline 0.003 -27"><span class='ocrx_word' id='word_1_41' title='bbox 239 1055 435 1142; x_wconf 85' lang='lat' dir='ltr'>philologiae</span> <span class='ocrx_word' id='word_1_42' title='bbox 465 1055 553 1142; x_wconf 89' lang='lat' dir='ltr'>apud</span> <span class='ocrx_word' id='word_1_43' title='bbox 580 1066 707 1122; x_wconf 90' lang='lat' dir='ltr'>ueteres</span> <span class='ocrx_word' id='word_1_44' title='bbox 736 1059 784 1122; x_wconf 90' lang='lat' dir='ltr'>IV</span> <span class='ocrx_word' id='word_1_45' title='bbox 812 1081 843 1144; x_wconf 92' lang='lat' dir='ltr'>p.</span> <span class='ocrx_word' id='word_1_46' title='bbox 866 1058 942 1145; x_wconf 78' lang='lat'>263)</span> <span class='ocrx_word' id='word_1_47' title='bbox 967 1059 1070 1124; x_wconf 91' lang='lat' dir='ltr'>ullum</span> <span class='ocrx_word' id='word_1_48' title='bbox 1098 1069 1385 1125; x_wconf 84' lang='lat' dir='ltr'>commentatorem</span> 
     </span>
     <span class='ocr_line' id='line_1_8' title="bbox 241 1159 1386 1246; baseline 0 -24"><span class='ocrx_word' id='word_1_49' title='bbox 241 1180 276 1222; x_wconf 89' lang='lat' dir='ltr'>se</span> <span class='ocrx_word' id='word_1_50' title='bbox 292 1181 388 1223; x_wconf 89' lang='lat' dir='ltr'>nosse</span> <span class='ocrx_word' id='word_1_51' title='bbox 404 1159 584 1245; x_wconf 86' lang='lat' dir='ltr'>profitetur.</span> <span class='ocrx_word' id='word_1_52' title='bbox 622 1182 817 1246; x_wconf 88' lang='lat' dir='ltr'>quamquam</span> <span class='ocrx_word' id='word_1_53' title='bbox 835 1182 913 1224; x_wconf 85' lang='lat' dir='ltr'>uero</span> <span class='ocrx_word' id='word_1_54' title='bbox 931 1160 1060 1225; x_wconf 91' lang='lat' dir='ltr'>Velium</span> <span class='ocrx_word' id='word_1_55' title='bbox 1074 1161 1225 1245; x_wconf 83' lang='lat' dir='ltr'>Longum</span> <span class='ocrx_word' id='word_1_56' title='bbox 1241 1161 1386 1225; x_wconf 89' lang='lat' dir='ltr'>Lucretii</span> 
     </span>
     <span class='ocr_line' id='line_1_9' title="bbox 240 1260 1383 1348; baseline 0 -24"><span class='ocrx_word' id='word_1_57' title='bbox 240 1260 384 1324; x_wconf 85' lang='lat' dir='ltr'>carmina</span> <span class='ocrx_word' id='word_1_58' title='bbox 406 1283 470 1324; x_wconf 92' lang='lat' dir='ltr'>non</span> <span class='ocrx_word' id='word_1_59' title='bbox 492 1283 626 1347; x_wconf 89' lang='lat' dir='ltr'>prorsus</span> <span class='ocrx_word' id='word_1_60' title='bbox 651 1272 860 1348; x_wconf 88' lang='lat' dir='ltr'>aspernatum</span> <span class='ocrx_word' id='word_1_61' title='bbox 883 1284 954 1326; x_wconf 90' lang='lat' dir='ltr'>esse</span> <span class='ocrx_word' id='word_1_62' title='bbox 976 1262 1206 1328; x_wconf 89' lang='lat' dir='ltr'>Lachmannus</span> <span class='ocrx_word' id='word_1_63' title='bbox 1230 1262 1272 1325; x_wconf 90' lang='lat' dir='ltr'>ad</span> <span class='ocrx_word' id='word_1_64' title='bbox 1287 1262 1383 1326; x_wconf 85' lang='lat' dir='ltr'>Lucr.</span> 
     </span>
     <span class='ocr_line' id='line_1_10' title="bbox 240 1361 1385 1446; baseline 0.004 -22"><span class='ocrx_word' id='word_1_65' title='bbox 240 1361 310 1443; x_wconf 88' lang='lat' dir='ltr'>III,</span> <span class='ocrx_word' id='word_1_66' title='bbox 340 1361 381 1424; x_wconf 84' lang='lat'>94</span> <span class='ocrx_word' id='word_1_67' title='bbox 408 1385 438 1446; x_wconf 85' lang='lat' dir='ltr'>p.</span> <span class='ocrx_word' id='word_1_68' title='bbox 464 1362 523 1425; x_wconf 87' lang='grc'>146</span> <span class='ocrx_word' id='word_1_69' title='bbox 552 1362 803 1446; x_wconf 88' lang='lat' dir='ltr'>demonstrauit,</span> <span class='ocrx_word' id='word_1_70' title='bbox 837 1363 935 1428; x_wconf 87' lang='lat' dir='ltr'>ualde</span> <span class='ocrx_word' id='word_1_71' title='bbox 963 1374 1073 1428; x_wconf 87' lang='lat' dir='ltr'>tamen</span> <span class='ocrx_word' id='word_1_72' title='bbox 1101 1363 1299 1428; x_wconf 84' lang='lat' dir='ltr'>dubitationi</span> <span class='ocrx_word' id='word_1_73' title='bbox 1329 1364 1385 1429; x_wconf 92' lang='lat' dir='ltr'>ob-</span> 
     </span>
     <span class='ocr_line' id='line_1_11' title="bbox 239 1463 1384 1549; baseline 0.003 -25"><span class='ocrx_word' id='word_1_74' title='bbox 239 1463 339 1526; x_wconf 83' lang='lat' dir='ltr'>noxia</span> <span class='ocrx_word' id='word_1_75' title='bbox 353 1472 404 1526; x_wconf 89' lang='lat' dir='ltr'>est</span> <span class='ocrx_word' id='word_1_76' title='bbox 418 1463 564 1549; x_wconf 86' lang='lat' dir='ltr'>quaestio</span> <span class='ocrx_word' id='word_1_77' title='bbox 580 1486 663 1536; x_wconf 90' lang='lat' dir='ltr'>num</span> <span class='ocrx_word' id='word_1_78' title='bbox 673 1465 811 1529; x_wconf 86' lang='lat' dir='ltr'>eundem</span> <span class='ocrx_word' id='word_1_79' title='bbox 827 1465 977 1549; x_wconf 83' lang='lat' dir='ltr'>Longum</span> <span class='ocrx_word' id='word_1_80' title='bbox 992 1465 1026 1528; x_wconf 94' lang='lat' dir='ltr'>in</span> <span class='ocrx_word' id='word_1_81' title='bbox 1042 1463 1202 1529; x_wconf 84' lang='lat' dir='ltr'>auxilium</span> <span class='ocrx_word' id='word_1_82' title='bbox 1217 1465 1384 1529; x_wconf 86' lang='lat' dir='ltr'>uocauerit</span> 
     </span>
     <span class='ocr_line' id='line_1_12' title="bbox 239 1563 1384 1652; baseline 0.001 -24"><span class='ocrx_word' id='word_1_83' title='bbox 239 1563 376 1628; x_wconf 90' lang='lat' dir='ltr'>Nonius.</span> <span class='ocrx_word' id='word_1_84' title='bbox 414 1587 520 1650; x_wconf 86' lang='lat' dir='ltr'>neque</span> <span class='ocrx_word' id='word_1_85' title='bbox 541 1563 679 1630; x_wconf 92' lang='lat' dir='ltr'>multum</span> <span class='ocrx_word' id='word_1_86' title='bbox 700 1566 904 1652; x_wconf 90' lang='lat' dir='ltr'>proficiemus</span> <span class='ocrx_word' id='word_1_87' title='bbox 926 1567 1117 1652; x_wconf 84' lang='lat' dir='ltr'>Hieronymi</span> <span class='ocrx_word' id='word_1_88' title='bbox 1143 1566 1212 1631; x_wconf 92' lang='lat' dir='ltr'>loco</span> <span class='ocrx_word' id='word_1_89' title='bbox 1230 1565 1384 1652; x_wconf 83' lang='lat' dir='ltr'>(Apolog.</span> 
     </span>
     <span class='ocr_line' id='line_1_13' title="bbox 238 1664 1381 1752; baseline 0.002 -25"><span class='ocrx_word' id='word_1_90' title='bbox 238 1664 272 1727; x_wconf 91' lang='lat' dir='ltr'>in</span> <span class='ocrx_word' id='word_1_91' title='bbox 295 1665 403 1729; x_wconf 87' lang='lat' dir='ltr'>Rufin.</span> <span class='ocrx_word' id='word_1_92' title='bbox 427 1666 444 1729; x_wconf 95' lang='grc' dir='ltr'>Ι</span> <span class='ocrx_word' id='word_1_93' title='bbox 467 1689 498 1752; x_wconf 90' lang='lat' dir='ltr'>p.</span> <span class='ocrx_word' id='word_1_94' title='bbox 521 1667 599 1752; x_wconf 78' lang='lat'>367)</span> <span class='ocrx_word' id='word_1_95' title='bbox 628 1689 692 1751; x_wconf 90' lang='lat' dir='ltr'>quo</span> <span class='ocrx_word' id='word_1_96' title='bbox 722 1668 946 1734; x_wconf 87' lang='lat' dir='ltr'>commentarii</span> <span class='ocrx_word' id='word_1_97' title='bbox 974 1669 1008 1731; x_wconf 93' lang='lat' dir='ltr'>in</span> <span class='ocrx_word' id='word_1_98' title='bbox 1030 1668 1218 1732; x_wconf 88' lang='lat' dir='ltr'>Lucretium</span> <span class='ocrx_word' id='word_1_99' title='bbox 1246 1689 1381 1732; x_wconf 84' lang='lat' dir='ltr'>comme-</span> 
     </span>
     <span class='ocr_line' id='line_1_14' title="bbox 241 1768 1380 1854; baseline 0.001 -25"><span class='ocrx_word' id='word_1_100' title='bbox 241 1778 426 1850; x_wconf 81' lang='lat' dir='ltr'>morantur,</span> <span class='ocrx_word' id='word_1_101' title='bbox 459 1768 654 1854; x_wconf 84' lang='lat' dir='ltr'>pracsertim</span> <span class='ocrx_word' id='word_1_102' title='bbox 687 1790 760 1832; x_wconf 88' lang='lat' dir='ltr'>cum</span> <span class='ocrx_word' id='word_1_103' title='bbox 788 1770 932 1833; x_wconf 88' lang='lat' dir='ltr'>Lucretii</span> <span class='ocrx_word' id='word_1_104' title='bbox 965 1792 1085 1834; x_wconf 91' lang='lat' dir='ltr'>nomen</span> <span class='ocrx_word' id='word_1_105' title='bbox 1119 1769 1165 1834; x_wconf 90' lang='lat' dir='ltr'>ibi</span> <span class='ocrx_word' id='word_1_106' title='bbox 1196 1769 1259 1831; x_wconf 86' lang='lat' dir='ltr'>uiri</span> <span class='ocrx_word' id='word_1_107' title='bbox 1294 1769 1380 1834; x_wconf 89' lang='lat' dir='ltr'>docti</span> 
     </span>
     <span class='ocr_line' id='line_1_15' title="bbox 240 1867 492 1956; baseline 0.004 -24"><span class='ocrx_word' id='word_1_108' title='bbox 240 1867 492 1956; x_wconf 80' lang='lat' dir='ltr'>addubitent.²⁵)</span> 
     </span>
    </p>

    <p class='ocr_par' dir='ltr' id='par_1_3' title="bbox 240 1971 1383 2363">
     <span class='ocr_line' id='line_1_16' title="bbox 324 1971 1383 2058; baseline 0.001 -25"><span class='ocrx_word' id='word_1_109' title='bbox 324 1971 475 2056; x_wconf 89' lang='lat' dir='ltr'>Denique</span> <span class='ocrx_word' id='word_1_110' title='bbox 496 1994 561 2036; x_wconf 91' lang='lat' dir='ltr'>non</span> <span class='ocrx_word' id='word_1_111' title='bbox 583 1972 687 2056; x_wconf 88' lang='lat' dir='ltr'>magis</span> <span class='ocrx_word' id='word_1_112' title='bbox 711 1995 778 2036; x_wconf 88' lang='lat' dir='ltr'>rem</span> <span class='ocrx_word' id='word_1_113' title='bbox 806 1994 1035 2058; x_wconf 79' lang='lat' dir='ltr'>processuram</span> <span class='ocrx_word' id='word_1_114' title='bbox 1056 1994 1190 2058; x_wconf 89' lang='lat' dir='ltr'>sperare</span> <span class='ocrx_word' id='word_1_115' title='bbox 1210 1971 1287 2035; x_wconf 90' lang='lat' dir='ltr'>licet</span> <span class='ocrx_word' id='word_1_116' title='bbox 1309 1994 1383 2036; x_wconf 90' lang='lat' dir='ltr'>con-</span> 
     </span>
     <span class='ocr_line' id='line_1_17' title="bbox 243 2071 1383 2160; baseline 0.005 -28"><span class='ocrx_word' id='word_1_117' title='bbox 243 2071 419 2136; x_wconf 86' lang='lat' dir='ltr'>ferentibus</span> <span class='ocrx_word' id='word_1_118' title='bbox 435 2073 530 2137; x_wconf 90' lang='lat' dir='ltr'>nobis</span> <span class='ocrx_word' id='word_1_119' title='bbox 547 2081 681 2138; x_wconf 77' lang='lat' dir='ltr'>ueterinu</span> <span class='ocrx_word' id='word_1_120' title='bbox 695 2073 839 2157; x_wconf 88' lang='lat' dir='ltr'>glossam</span> <span class='ocrx_word' id='word_1_121' title='bbox 857 2075 902 2160; x_wconf 91' lang='lat' dir='ltr'>(p.</span> <span class='ocrx_word' id='word_1_122' title='bbox 913 2075 965 2160; x_wconf 79' lang='lat'>13)</span> <span class='ocrx_word' id='word_1_123' title='bbox 982 2096 1056 2138; x_wconf 89' lang='lat' dir='ltr'>cum</span> <span class='ocrx_word' id='word_1_124' title='bbox 1070 2072 1183 2158; x_wconf 85' lang='lat' dir='ltr'>Opillii</span> <span class='ocrx_word' id='word_1_125' title='bbox 1200 2073 1383 2156; x_wconf 86' lang='lat' dir='ltr'>fragmento</span> 
     </span>
     <span class='ocr_line' id='line_1_18' title="bbox 241 2173 1382 2261; baseline -0.001 -25"><span class='ocrx_word' id='word_1_126' title='bbox 241 2173 326 2258; x_wconf 89' lang='lat' dir='ltr'>apud</span> <span class='ocrx_word' id='word_1_127' title='bbox 341 2173 479 2239; x_wconf 92' lang='lat' dir='ltr'>Paulum</span> <span class='ocrx_word' id='word_1_128' title='bbox 502 2175 799 2258; x_wconf 62' lang='lat' dir='ltr'>(subcinerium),</span> <span class='ocrx_word' id='word_1_129' title='bbox 823 2175 911 2261; x_wconf 91' lang='lat' dir='ltr'>quod</span> <span class='ocrx_word' id='word_1_130' title='bbox 933 2176 998 2238; x_wconf 89' lang='lat' dir='ltr'>iam</span> <span class='ocrx_word' id='word_1_131' title='bbox 1022 2196 1120 2260; x_wconf 86' lang='lat' dir='ltr'>supra</span> <span class='ocrx_word' id='word_1_132' title='bbox 1135 2174 1278 2237; x_wconf 90' lang='lat' dir='ltr'>uidimus</span> <span class='ocrx_word' id='word_1_133' title='bbox 1301 2174 1382 2237; x_wconf 87' lang='lat' dir='ltr'>satis</span> 
     </span>
     <span class='ocr_line' id='line_1_19' title="bbox 240 2274 1140 2363; baseline 0 -26"><span class='ocrx_word' id='word_1_134' title='bbox 240 2274 426 2360; x_wconf 79' lang='lat' dir='ltr'>discrepare</span> <span class='ocrx_word' id='word_1_135' title='bbox 449 2277 492 2342; x_wconf 87' lang='lat' dir='ltr'>ab</span> <span class='ocrx_word' id='word_1_136' title='bbox 514 2276 613 2340; x_wconf 90' lang='lat' dir='ltr'>Nonii</span> <span class='ocrx_word' id='word_1_137' title='bbox 635 2277 840 2363; x_wconf 85' lang='lat' dir='ltr'>expositione</span> <span class='ocrx_word' id='word_1_138' title='bbox 863 2275 952 2360; x_wconf 86' lang='lat' dir='ltr'>(uide</span> <span class='ocrx_word' id='word_1_139' title='bbox 975 2275 1049 2341; x_wconf 92' lang='lat' dir='ltr'>adn.</span> <span class='ocrx_word' id='word_1_140' title='bbox 1073 2275 1140 2360; x_wconf 81' lang='lat'>21).</span> 
     </span>
    </p>

    <p class='ocr_par' dir='ltr' id='par_1_4' title="bbox 236 2375 1383 3276">
     <span class='ocr_line' id='line_1_20' title="bbox 322 2375 1381 2464; baseline -0.002 -24"><span class='ocrx_word' id='word_1_141' title='bbox 322 2378 431 2441; x_wconf 91' lang='lat' dir='ltr'>Vnum</span> <span class='ocrx_word' id='word_1_142' title='bbox 464 2377 596 2464; x_wconf 92' lang='lat' dir='ltr'>quidem</span> <span class='ocrx_word' id='word_1_143' title='bbox 629 2379 804 2463; x_wconf 87' lang='lat' dir='ltr'>uestigium</span> <span class='ocrx_word' id='word_1_144' title='bbox 837 2378 1061 2443; x_wconf 87' lang='lat' dir='ltr'>Varronianae</span> <span class='ocrx_word' id='word_1_145' title='bbox 1094 2376 1262 2440; x_wconf 85' lang='lat' dir='ltr'>doctrinae</span> <span class='ocrx_word' id='word_1_146' title='bbox 1295 2375 1381 2461; x_wconf 88' lang='lat' dir='ltr'>apud</span> 
     </span>
     <span class='ocr_line' id='line_1_21' title="bbox 238 2477 1383 2556; baseline -0.002 -16"><span class='ocrx_word' id='word_1_147' title='bbox 238 2477 380 2542; x_wconf 89' lang='lat' dir='ltr'>Nonium</span> <span class='ocrx_word' id='word_1_148' title='bbox 409 2487 501 2544; x_wconf 86' lang='lat' dir='ltr'>extat</span> <span class='ocrx_word' id='word_1_149' title='bbox 527 2479 562 2542; x_wconf 92' lang='lat' dir='ltr'>in</span> <span class='ocrx_word' id='word_1_150' title='bbox 589 2480 795 2545; x_wconf 78' lang='lat' dir='ltr'>Lucretianis</span> <span class='ocrx_word' id='word_1_151' title='bbox 824 2479 994 2543; x_wconf 90' lang='lat' dir='ltr'>ordinibus</span> <span class='ocrx_word' id='word_1_152' title='bbox 1024 2500 1050 2541; x_wconf 89' lang='lat' dir='ltr'>s.</span> <span class='ocrx_word' id='word_1_153' title='bbox 1078 2501 1111 2541; x_wconf 91' lang='lat' dir='ltr'>u.</span> <span class='ocrx_word' id='word_1_154' title='bbox 1139 2499 1284 2556; x_wconf 81' lang='lat' dir='ltr'>crepero:</span> <span class='ocrx_word' id='word_1_155' title='bbox 1318 2485 1383 2539; x_wconf 84' lang='lat' dir='ltr'>‘res</span> 
     </span>
     <span class='ocr_line' id='line_1_22' title="bbox 236 2583 1381 2660; baseline -0.003 -18"><span class='ocrx_word' id='word_1_156' title='bbox 236 2587 360 2660; x_wconf 78' lang='lat' dir='ltr'>proprie</span> <span class='ocrx_word' id='word_1_157' title='bbox 384 2586 493 2644; x_wconf 77' lang='lat' dir='ltr'>dieitur</span> <span class='ocrx_word' id='word_1_158' title='bbox 519 2585 629 2654; x_wconf 62' lang='lat' dir='ltr'>dubim</span> <span class='ocrx_word' id='word_1_159' title='bbox 659 2587 739 2645; x_wconf 83' lang='lat' dir='ltr'>unde</span> <span class='ocrx_word' id='word_1_160' title='bbox 762 2593 791 2646; x_wconf 87' lang='lat' dir='ltr'>et</span> <span class='ocrx_word' id='word_1_161' title='bbox 812 2586 1020 2660; x_wconf 83' lang='lat' dir='ltr'>crepusculum</span> <span class='ocrx_word' id='word_1_162' title='bbox 1047 2585 1159 2643; x_wconf 75' lang='lat' dir='ltr'>dicitur</span> <span class='ocrx_word' id='word_1_163' title='bbox 1187 2587 1243 2642; x_wconf 74' lang='lat' dir='ltr'>luc</span> <span class='ocrx_word' id='word_1_164' title='bbox 1266 2583 1381 2642; x_wconf 66' lang='lat' dir='ltr'>dubia?</span> 
     </span>
     <span class='ocr_line' id='line_1_23' title="bbox 239 2681 1381 2768; baseline -0.003 -24"><span class='ocrx_word' id='word_1_165' title='bbox 239 2681 281 2744; x_wconf 86' lang='lat' dir='ltr'>ef.</span> <span class='ocrx_word' id='word_1_166' title='bbox 305 2681 413 2748; x_wconf 90' lang='lat' dir='ltr'>Varro</span> <span class='ocrx_word' id='word_1_167' title='bbox 437 2685 457 2745; x_wconf 93' lang='lat' dir='ltr'>l.</span> <span class='ocrx_word' id='word_1_168' title='bbox 480 2682 587 2747; x_wconf 80' lang='lat' dir='ltr'>LVII</span> <span class='ocrx_word' id='word_1_169' title='bbox 610 2686 629 2763; x_wconf 66' lang='grc' dir='ltr'>ξ</span> <span class='ocrx_word' id='word_1_170' title='bbox 654 2683 692 2747; x_wconf 78' lang='grc'>77</span> <span class='ocrx_word' id='word_1_171' title='bbox 715 2683 760 2747; x_wconf 90' lang='lat' dir='ltr'>M.</span> <span class='ocrx_word' id='word_1_172' title='bbox 787 2683 843 2768; x_wconf 89' lang='lat' dir='ltr'>(cf.</span> <span class='ocrx_word' id='word_1_173' title='bbox 859 2681 909 2745; x_wconf 91' lang='lat' dir='ltr'>VI</span> <span class='ocrx_word' id='word_1_174' title='bbox 932 2681 1017 2766; x_wconf 55' lang='lat' dir='ltr'>§bb</span> <span class='ocrx_word' id='word_1_175' title='bbox 1049 2685 1268 2760; x_wconf 73' lang='lat' dir='ltr'>‘crepusculum</span> <span class='ocrx_word' id='word_1_176' title='bbox 1291 2684 1381 2742; x_wconf 87' lang='lat' dir='ltr'>uSu-</span> 
     </span>
     <span class='ocr_line' id='line_1_24' title="bbox 239 2781 1383 2866; baseline -0.003 -21"><span class='ocrx_word' id='word_1_177' title='bbox 239 2787 315 2846; x_wconf 76' lang='lat' dir='ltr'>binis</span> <span class='ocrx_word' id='word_1_178' title='bbox 341 2789 423 2862; x_wconf 81' lang='lat' dir='ltr'>quod</span> <span class='ocrx_word' id='word_1_179' title='bbox 447 2789 481 2848; x_wconf 82' lang='lat' dir='ltr'>id</span> <span class='ocrx_word' id='word_1_180' title='bbox 507 2789 626 2849; x_wconf 77' lang='lat' dir='ltr'>dubium</span> <span class='ocrx_word' id='word_1_181' title='bbox 655 2795 768 2864; x_wconf 83' lang='lat' dir='ltr'>tempus</span> <span class='ocrx_word' id='word_1_182' title='bbox 798 2791 893 2848; x_wconf 79' lang='lat' dir='ltr'>noetis</span> <span class='ocrx_word' id='word_1_183' title='bbox 920 2803 960 2845; x_wconf 85' lang='lat' dir='ltr'>uu</span> <span class='ocrx_word' id='word_1_184' title='bbox 988 2787 1049 2846; x_wconf 78' lang='lat' dir='ltr'>diet</span> <span class='ocrx_word' id='word_1_185' title='bbox 1075 2789 1136 2846; x_wconf 64' lang='lat' dir='ltr'>stt)</span> <span class='ocrx_word' id='word_1_186' title='bbox 1182 2803 1284 2866; x_wconf 90' lang='lat' dir='ltr'>neque</span> <span class='ocrx_word' id='word_1_187' title='bbox 1313 2781 1383 2843; x_wconf 86' lang='lat' dir='ltr'>ueri</span> 
     </span>
     <span class='ocr_line' id='line_1_25' title="bbox 240 2880 1383 2970; baseline -0.003 -24"><span class='ocrx_word' id='word_1_188' title='bbox 240 2882 399 2948; x_wconf 86' lang='lat' dir='ltr'>dissimile</span> <span class='ocrx_word' id='word_1_189' title='bbox 426 2885 559 2950; x_wconf 91' lang='lat' dir='ltr'>uidetur</span> <span class='ocrx_word' id='word_1_190' title='bbox 585 2887 620 2949; x_wconf 95' lang='lat' dir='ltr'>in</span> <span class='ocrx_word' id='word_1_191' title='bbox 641 2885 846 2950; x_wconf 88' lang='lat' dir='ltr'>Lucretianis</span> <span class='ocrx_word' id='word_1_192' title='bbox 875 2906 1002 2970; x_wconf 89' lang='lat' dir='ltr'>quoque</span> <span class='ocrx_word' id='word_1_193' title='bbox 1031 2882 1202 2948; x_wconf 87' lang='lat' dir='ltr'>ordinibus</span> <span class='ocrx_word' id='word_1_194' title='bbox 1228 2880 1383 2945; x_wconf 88' lang='lat' dir='ltr'>nonnulla</span> 
     </span>
     <span class='ocr_line' id='line_1_26' title="bbox 239 2983 1381 3074; baseline -0.002 -27"><span class='ocrx_word' id='word_1_195' title='bbox 239 2985 431 3072; x_wconf 88' lang='lat' dir='ltr'>deprompta</span> <span class='ocrx_word' id='word_1_196' title='bbox 446 3009 464 3050; x_wconf 88' lang='lat' dir='ltr'>e</span> <span class='ocrx_word' id='word_1_197' title='bbox 479 2987 638 3052; x_wconf 88' lang='lat' dir='ltr'>Varronis</span> <span class='ocrx_word' id='word_1_198' title='bbox 662 2988 764 3074; x_wconf 89' lang='lat' dir='ltr'>copiis</span> <span class='ocrx_word' id='word_1_199' title='bbox 781 2987 930 3066; x_wconf 82' lang='lat' dir='ltr'>subesse,</span> <span class='ocrx_word' id='word_1_200' title='bbox 953 2985 1149 3050; x_wconf 85' lang='lat' dir='ltr'>nobilissimi</span> <span class='ocrx_word' id='word_1_201' title='bbox 1171 2983 1258 3048; x_wconf 90' lang='lat' dir='ltr'>illius</span> <span class='ocrx_word' id='word_1_202' title='bbox 1274 3005 1381 3067; x_wconf 86' lang='lat' dir='ltr'>gram-</span> 
     </span>
     <span class='ocr_line' id='line_1_27' title="bbox 240 3086 1383 3173; baseline -0.003 -23"><span class='ocrx_word' id='word_1_203' title='bbox 240 3089 351 3153; x_wconf 87' lang='lat' dir='ltr'>matici</span> <span class='ocrx_word' id='word_1_204' title='bbox 373 3089 464 3152; x_wconf 88' lang='lat' dir='ltr'>cuius</span> <span class='ocrx_word' id='word_1_205' title='bbox 487 3109 529 3152; x_wconf 86' lang='lat' dir='ltr'>ex</span> <span class='ocrx_word' id='word_1_206' title='bbox 551 3089 677 3155; x_wconf 90' lang='lat' dir='ltr'>horreis</span> <span class='ocrx_word' id='word_1_207' title='bbox 701 3089 885 3173; x_wconf 88' lang='lat' dir='ltr'>omnesqui</span> <span class='ocrx_word' id='word_1_208' title='bbox 907 3097 1021 3173; x_wconf 89' lang='lat' dir='ltr'>postea</span> <span class='ocrx_word' id='word_1_209' title='bbox 1036 3088 1068 3149; x_wconf 93' lang='lat' dir='ltr'>in</span> <span class='ocrx_word' id='word_1_210' title='bbox 1084 3096 1153 3150; x_wconf 91' lang='lat' dir='ltr'>arte</span> <span class='ocrx_word' id='word_1_211' title='bbox 1169 3086 1383 3169; x_wconf 86' lang='lat' dir='ltr'>grammatica</span> 
     </span>
     <span class='ocr_line' id='line_1_28' title="bbox 239 3189 1381 3276; baseline -0.004 -22"><span class='ocrx_word' id='word_1_212' title='bbox 239 3211 371 3276; x_wconf 87' lang='lat' dir='ltr'>operam</span> <span class='ocrx_word' id='word_1_213' title='bbox 387 3189 587 3256; x_wconf 85' lang='lat' dir='ltr'>collocarunt</span> <span class='ocrx_word' id='word_1_214' title='bbox 601 3190 749 3255; x_wconf 89' lang='lat' dir='ltr'>hortulos</span> <span class='ocrx_word' id='word_1_215' title='bbox 769 3212 845 3254; x_wconf 89' lang='lat' dir='ltr'>suos</span> <span class='ocrx_word' id='word_1_216' title='bbox 867 3189 1023 3272; x_wconf 84' lang='lat' dir='ltr'>irrigasse</span> <span class='ocrx_word' id='word_1_217' title='bbox 1045 3197 1298 3252; x_wconf 85' lang='lat' dir='ltr'>consentaneum</span> <span class='ocrx_word' id='word_1_218' title='bbox 1322 3195 1381 3250; x_wconf 88' lang='lat' dir='ltr'>est.</span> 
     </span>
    </p>

    <p class='ocr_par' dir='ltr' id='par_1_5' title="bbox 238 3289 1381 3583">
     <span class='ocr_line' id='line_1_29' title="bbox 324 3289 1381 3379; baseline -0.005 -24"><span class='ocrx_word' id='word_1_219' title='bbox 324 3292 394 3356; x_wconf 89' lang='lat' dir='ltr'>lam</span> <span class='ocrx_word' id='word_1_220' title='bbox 417 3314 513 3379; x_wconf 91' lang='lat' dir='ltr'>porro</span> <span class='ocrx_word' id='word_1_221' title='bbox 529 3315 581 3356; x_wconf 91' lang='lat' dir='ltr'>me</span> <span class='ocrx_word' id='word_1_222' title='bbox 603 3293 631 3356; x_wconf 90' lang='lat' dir='ltr'>si</span> <span class='ocrx_word' id='word_1_223' title='bbox 648 3293 794 3378; x_wconf 88' lang='lat' dir='ltr'>sequaris</span> <span class='ocrx_word' id='word_1_224' title='bbox 810 3291 911 3355; x_wconf 84' lang='lat' dir='ltr'>siluas</span> <span class='ocrx_word' id='word_1_225' title='bbox 927 3289 1094 3353; x_wconf 82' lang='lat' dir='ltr'>Nonianus</span> <span class='ocrx_word' id='word_1_226' title='bbox 1110 3296 1381 3374; x_wconf 86' lang='lat' dir='ltr'>perscrutantem,</span> 
     </span>
     <span class='ocr_line' id='line_1_30' title="bbox 238 3390 1380 3477; baseline -0.004 -20"><span class='ocrx_word' id='word_1_227' title='bbox 238 3417 304 3460; x_wconf 93' lang='lat' dir='ltr'>uno</span> <span class='ocrx_word' id='word_1_228' title='bbox 328 3393 478 3459; x_wconf 87' lang='lat' dir='ltr'>lemmate</span> <span class='ocrx_word' id='word_1_229' title='bbox 499 3417 573 3458; x_wconf 93' lang='lat' dir='ltr'>cum</span> <span class='ocrx_word' id='word_1_230' title='bbox 593 3395 762 3459; x_wconf 83' lang='lat' dir='ltr'>Naeuiano</span> <span class='ocrx_word' id='word_1_231' title='bbox 786 3390 935 3477; x_wconf 85' lang='lat' dir='ltr'>exemplo</span> <span class='ocrx_word' id='word_1_232' title='bbox 958 3391 1143 3454; x_wconf 87' lang='lat' dir='ltr'>intermisso</span> <span class='ocrx_word' id='word_1_233' title='bbox 1166 3398 1241 3476; x_wconf 89' lang='lat' dir='ltr'>post</span> <span class='ocrx_word' id='word_1_234' title='bbox 1262 3390 1380 3454; x_wconf 90' lang='lat' dir='ltr'>Lucre--</span> 
     </span>
     <span class='ocr_line' id='line_1_31' title="bbox 238 3490 1380 3583; baseline -0.008 -22"><span class='ocrx_word' id='word_1_235' title='bbox 238 3497 328 3561; x_wconf 87' lang='lat' dir='ltr'>tiana</span> <span class='ocrx_word' id='word_1_236' title='bbox 340 3497 372 3560; x_wconf 92' lang='lat' dir='ltr'>in</span> <span class='ocrx_word' id='word_1_237' title='bbox 385 3498 489 3583; x_wconf 92' lang='lat' dir='ltr'>primo</span> <span class='ocrx_word' id='word_1_238' title='bbox 501 3496 609 3581; x_wconf 85' lang='lat' dir='ltr'>capite</span> <span class='ocrx_word' id='word_1_239' title='bbox 621 3495 763 3579; x_wconf 86' lang='lat' dir='ltr'>reperies</span> <span class='ocrx_word' id='word_1_240' title='bbox 771 3494 979 3558; x_wconf 83' lang='lat' dir='ltr'>Attianorum</span> <span class='ocrx_word' id='word_1_241' title='bbox 989 3492 1210 3577; x_wconf 88' lang='lat' dir='ltr'>exemplorum</span> <span class='ocrx_word' id='word_1_242' title='bbox 1224 3490 1380 3554; x_wconf 87' lang='lat' dir='ltr'>ordinem.</span> 
     </span>
    </p>
   </div>
   <div class='ocr_carea' id='block_1_3' title="bbox 306 3767 996 3833">
    <p class='ocr_par' dir='ltr' id='par_1_6' title="bbox 306 3767 996 3833">
     <span class='ocr_line' id='line_1_32' title="bbox 306 3767 996 3833; baseline -0.001 -14"><span class='ocrx_word' id='word_1_243' title='bbox 306 3773 349 3833; x_wconf 77' lang='lat'>25)</span> <span class='ocrx_word' id='word_1_244' title='bbox 368 3771 404 3820; x_wconf 81' lang='lat' dir='ltr'>cf.</span> <span class='ocrx_word' id='word_1_245' title='bbox 424 3773 455 3820; x_wconf 90' lang='lat' dir='ltr'>L.</span> <span class='ocrx_word' id='word_1_246' title='bbox 475 3771 591 3821; x_wconf 88' lang='lat' dir='ltr'>Mueller</span> <span class='ocrx_word' id='word_1_247' title='bbox 608 3767 643 3820; x_wconf 88' lang='lat' dir='ltr'>de</span> <span class='ocrx_word' id='word_1_248' title='bbox 663 3785 691 3819; x_wconf 87' lang='lat' dir='ltr'>re</span> <span class='ocrx_word' id='word_1_249' title='bbox 710 3769 826 3818; x_wconf 83' lang='lat' dir='ltr'>metrica</span> <span class='ocrx_word' id='word_1_250' title='bbox 843 3783 868 3831; x_wconf 88' lang='lat' dir='ltr'>p.</span> <span class='ocrx_word' id='word_1_251' title='bbox 888 3769 937 3817; x_wconf 83' lang='grc'>397</span> <span class='ocrx_word' id='word_1_252' title='bbox 956 3783 996 3830; x_wconf 88' lang='lat' dir='ltr'>sq.</span> 
     </span>
    </p>
   </div>
   <div class='ocr_carea' id='block_1_4' title="bbox 0 0 1636 5196">
    <p class='ocr_par' dir='ltr' id='par_1_7' title="bbox 0 0 1636 5196">
     <span class='ocr_line' id='line_1_33' title="bbox 0 0 1636 5196; baseline 0 0"><span class='ocrx_word' id='word_1_253' title='bbox 0 0 1636 5196; x_wconf 95' lang='lat' dir='ltr'> </span> 
     </span>
    </p>
   </div>
  </div>
 </body>
</html>
