3262 5196
743 373 953 436 ...qssff

276 549 393 610 Charis.
411 565 446 624 p.
472 554 508 608 92
529 567 571 624 sq.
617 543 692 607 calx
724 543 824 627 igitur
857 543 925 605 siue
959 563 1023 627 qna
1052 539 1214 604 calcamus
1245 539 1314 602 siue
1336 558 1420 622 quae

402 645 625 728 aedificamus,
648 645 796 710 feminini
819 644 948 729 generis
972 651 1031 725 est,
1054 651 1091 706 ut
1113 652 1146 706 et
1167 640 1332 724 Vergilius
1357 639 1417 702 ait:

403 751 539 814 ‘ferrata
561 747 649 812 calce
671 746 812 831 fatigat!
857 769 885 810 e.
909 769 938 832 q.
961 769 987 810 s.

278 957 353 1016 Non.
374 975 407 1032 p.
435 963 497 1024 218,
526 963 568 1022 ll.
612 951 704 1038 panis
722 949 955 1016 consuetudine
969 947 1148 1014 masculino
1171 968 1289 1031 genere
1313 944 1421 1031 appel-

404 1053 500 1120 latur.
530 1064 644 1117 neutro
661 1053 798 1117 Plautus
813 1052 847 1115 in
864 1051 1074 1117 Curculione:
1099 1048 1191 1113 ‘haec
1207 1058 1282 1113 sunt
1297 1048 1421 1110 uentris

403 1155 636 1236 stabilimenta,
660 1177 743 1240 pane
766 1164 799 1218 et
821 1177 895 1218 assa
917 1152 1065 1220 bubula!

278 1263 393 1322 Clanis.
417 1279 449 1337 p.
479 1267 524 1320 90.
577 1257 669 1342 panis
704 1256 882 1321 masculino
916 1277 1035 1340 genere
1069 1254 1219 1318 dicitur.
1252 1273 1329 1315 nam
1359 1250 1420 1314 etsi

404 1369 517 1424 neutro
553 1380 670 1442 genere
703 1357 839 1422 Plautus
873 1357 959 1422 dixit
988 1342 1084 1442 ‘'pane
1119 1363 1151 1418 et
1180 1375 1255 1418 assa
1284 1350 1420 1417 bubula'

405 1469 515 1524 tamen
537 1459 666 1526 uitiose.

280 1670 355 1728 Non.
376 1687 409 1744 p.
436 1675 503 1735 224,
528 1673 574 1726 30.
620 1662 751 1728 schema
773 1663 929 1728 feminino
945 1683 1063 1746 genere
1079 1661 1144 1724 dici
1161 1669 1309 1724 ueterum
1331 1678 1421 1721 usur-

404 1775 462 1852 pat
484 1766 671 1830 auctoritas.
715 1765 853 1830 Plautus
875 1763 1127 1850 Amphitruone:
1153 1760 1253 1848 ‘quod
1276 1783 1337 1844 ego
1360 1759 1422 1822 huc

406 1868 549 1954 processi
573 1868 619 1931 sic
642 1888 715 1930 cum
739 1865 851 1930 seruili
874 1865 1026 1930 schema?
1071 1888 1099 1929 e.
1123 1888 1154 1952 q.
1179 1887 1205 1927 s.

284 1973 403 2033 Ultoris.
423 1991 456 2048 p.
483 1981 551 2031 144.
595 1968 726 2033 schema
748 1969 841 2054 quasi
864 1978 1079 2054 monoptoton
1101 1968 1143 2031 sit
1165 1964 1301 2051 proinde
1325 1961 1421 2026 decli-

405 2092 500 2135 nasse
535 2069 696 2136 Caecilius
730 2071 765 2133 in
794 2068 1025 2156 Ἁρπαζομένῳ
1054 2069 1227 2133 denotatur
1271 2087 1298 2130 e.
1333 2088 1362 2151 q.
1394 2088 1420 2127 s.

406 2172 541 2238 Plautus
564 2173 597 2235 in
622 2173 874 2257 Amphitruone:
905 2172 980 2236 ‘huc
1007 2193 1066 2256 ego
1089 2170 1234 2257 processi
1261 2190 1333 2231 curn
1358 2189 1421 2229 ser·

406 2273 465 2338 uili
488 2273 689 2359 schema.'²³)
735 2274 777 2338 cf.
800 2272 904 2338 Prisc.
926 2297 958 2358 p.
985 2272 1055 2336 199.

281 2482 356 2542 Non.
378 2499 410 2558 p.
435 2489 503 2554 225,
531 2490 557 2539 5.
603 2477 734 2540 scrobes
758 2475 914 2540 feminino
936 2498 1064 2560 genere.
1095 2474 1274 2539 masculino
1287 2473 1422 2538 Plautus

408 2576 662 2664 Amphitruone:
687 2578 746 2643 ‘ibi
768 2579 900 2643 scrobes
922 2576 1055 2642 effodito
1078 2597 1260 2659 sexagenos
1276 2575 1307 2638 in
1329 2573 1423 2638 dies!

281 2688 378 2746 Prisc.
396 2701 432 2762 p.
459 2687 525 2743 168.
549 2679 680 2744 scrobes
703 2679 861 2744 feminino
884 2701 1013 2764 genere.
1059 2677 1198 2744 Ouidius
1221 2677 1255 2739 in
1269 2675 1336 2740 VII
1359 2698 1423 2738 rne-

406 2781 670 2867 tamorphoseon:
699 2781 799 2846 ‘haud
826 2781 940 2868 procul
968 2789 1080 2864 egesta
1108 2779 1279 2843 scrobibus
1308 2776 1424 2841 tellure

408 2882 560 2947 duabus?
595 2892 627 2945 et
648 2882 828 2946 masculino
852 2892 961 2946 tamen
984 2903 1102 2965 genere
1124 2880 1298 2944 inuenitur.
1327 2876 1422 2942 Plau-

407 2995 460 3049 tus
482 2982 516 3047 in
539 2982 789 3068 Amphitruone:
813 2984 871 3048 ‘ibi
894 2985 1024 3048 scrobes
1041 2982 1173 3048 effodite
1190 2992 1225 3047 tu
1240 2980 1314 3067 plus
1331 3003 1420 3044 sexa·

408 3107 508 3170 genos
530 3086 565 3148 in
588 3083 681 3150 dies!
726 3085 768 3150 cf.
791 3084 913 3150 ibidem
935 3107 967 3170 p.
990 3085 1064 3150 321.
1108 3083 1206 3148 Prob.
1231 3106 1262 3170 p.
1279 3083 1322 3146 20
1338 3081 1422 3146 Keil.

366 3289 551 3353 Priscianus
586 3289 704 3374 quibus
733 3288 922 3354 auctoribus
957 3311 1035 3353 usus
1070 3288 1112 3352 sit
1144 3287 1215 3373 ipse
1248 3285 1423 3366 indicauit3

282 3392 459 3478 sumpsisse
481 3413 541 3453 sua
563 3389 695 3455 uidetur
716 3392 858 3454 maxime
879 3413 899 3454 a
921 3391 1040 3476 Capro,
1064 3391 1150 3454 hune
1172 3388 1275 3453 multa
1294 3388 1425 3453 eProbi

282 3494 372 3557 siluis
396 3490 589 3578 compilasse
611 3491 788 3556 uerisimile
811 3493 918 3574 est.²⁴)

367 3593 551 3659 Charisium
579 3592 643 3656 illis
672 3592 753 3658 locis
783 3593 902 3658 Iulium
932 3594 1113 3658 Romanum
1143 3605 1175 3659 et
1197 3591 1424 3656 Palaemonem

281 3696 477 3783 exscripisse
505 3695 742 3760 demonstrauit
770 3694 1057 3760 Schottmuellerus
1084 3693 1139 3779 (de
1161 3693 1261 3762 Plinii
1284 3691 1425 3758 Secundi

284 3798 376 3862 libris
400 3797 619 3882 grammaticis
644 3796 723 3860 diss.
748 3795 852 3860 Bonn.
875 3820 907 3883 p.
924 3797 965 3860 20
980 3797 1079 3883 sqq),
1103 3795 1222 3860 Iulium
1238 3804 1346 3859 autem
1363 3794 1424 3857 Ro-

282 3921 412 3964 manum
442 3899 549 3983 Capro
578 3907 611 3961 et
636 3896 741 3961 Plinio
770 3897 946 3961 maximam
974 3908 1100 3982 partem
1122 3921 1216 3961 usum
1245 3919 1317 3961 esse
1339 3896 1425 3959 idem

282 4001 334 4064 uir
356 4001 472 4066 doctus
497 3997 531 4084 (l.
556 3996 577 4063 l.
600 4020 632 4085 p.
655 3999 710 4085 32)
728 4020 800 4063 oum
824 3997 917 4064 nobis
941 4000 1155 4085 persuaserit,
1179 4022 1214 4062 re
1237 4020 1316 4063 uera
1337 3996 1425 4061 uide·

282 4111 335 4166 tur
357 4101 483 4166 Nonius
506 4100 662 4186 antiquae
684 4100 792 4165 Verrii
810 4108 842 4164 et
864 4100 964 4165 Probi
988 4101 1179 4166 eruditionis
1194 4100 1347 4186 reliquias
1370 4121 1428 4184 per

286 4259 513 4266 --——--.—-*—-

350 4359 394 4424 23)
415 4358 558 4409 consilium
582 4358 692 4424 quidem
715 4359 857 4424 utriusque
882 4359 1024 4424 scriptoris
1048 4359 1200 4422 diuersum,
1233 4357 1303 4407 idern
1335 4363 1427 4408 tamen

286 4445 455 4495 adscribitur
472 4445 668 4493 testimonium.

351 4529 394 4594 24)
415 4530 449 4582 of.
470 4528 665 4580 Kretzsehmer
683 4528 716 4577 de
735 4529 766 4579 A.
786 4527 873 4578 Gellii
892 4529 1015 4578 sontibus
1034 4545 1060 4593 p.
1079 4531 1120 4580 86.
