3260 5212
663 323 987 439 s-l29--s

207 566 237 629 p.
261 541 334 624 553,
359 543 388 607 8.
414 542 716 628 (anteriorandum).
762 554 859 630 atque
882 545 1046 630 primariis
1073 539 1204 630 quidem
1235 546 1351 612 horum

205 644 355 708 ordinum
377 642 459 709 locis
481 643 604 708 adferri
628 645 732 710 solent
755 647 816 710 hae
832 656 977 710 saturae:
1003 647 1256 732 Κοσμοτορύνη,
1274 647 1351 731 περὶ

206 749 340 830 φθορᾶς
361 745 506 829 κόσμου;
536 746 761 834 Papiapapae‚
790 747 867 828 περὶ
896 745 1086 830 §peraptum
1121 748 1351 834 Flaxtabulae,

207 846 285 931 aspi
320 846 505 931 ἐπαρχιῶν,
530 844 728 932 Ἑκατόμβη,
765 847 842 930 περὶ
874 853 1024 933 booron,
1058 851 1244 933 Περίπλυς,
1275 851 1351 936 περὶ

207 951 424 1032 φιλοσοφίας;
459 951 664 1032 Τρίφαλλος,
693 950 770 1030 περὶ
801 947 1037 1036 ἅρρενότητοςς
1068 952 1243 1032 Serranus,
1273 952 1351 1034 περὶ

206 1047 447 1135 ἀρχαιοπινὴς
460 1050 653 1116 Prometheo
668 1050 771 1117 libero
785 1052 847 1136 (?);
859 1055 936 1136 aspi
948 1057 1117 1135 κεραυνοῦ
1133 1055 1194 1140 (Ῥ),
1212 1054 1273 1118 Est
1285 1076 1351 1118 mo-

206 1153 267 1217 dus
282 1151 434 1233 matulae,
446 1151 645 1237 περὶμέθηςς
659 1152 775 1218 Gallus
788 1153 990 1235 Fundanius,
1004 1153 1044 1218 de
1060 1154 1273 1238 admirandis3
1286 1155 1351 1220 De-

210 1254 302 1336 uicti,
327 1254 404 1336 πεοὶ
427 1257 632 1337 φιλονικίας;
656 1256 867 1340 Aborigines,
890 1255 967 1338 περὶ
983 1252 1176 1337 ἀνθρώπων
1199 1256 1350 1339 φύσεως;

212 1352 257 1419 Τὸ
288 1355 343 1420 ἐπὶ
371 1359 412 1439 τῇ
441 1358 534 1440 φακῇ
561 1355 687 1440 μύρον,
717 1357 793 1439 περὶ
828 1354 1000 1441 adprosam
1031 1355 1246 1442 Συνέφηβος,
1275 1358 1352 1442 περὶ

208 1459 366 1541 ἐμμανής.
416 1465 585 1543 praeterea
618 1478 700 1543 quae
729 1458 925 1524 adferuntur
958 1468 1088 1523 saturae
1115 1459 1273 1523 incertum
1303 1467 1353 1524 est

207 1581 302 1645 quem
331 1558 437 1622 locum
465 1559 498 1622 in
528 1557 628 1623 Nonii
656 1560 746 1624 fonte
774 1560 984 1626 obtinuerint.
1034 1571 1111 1625 sunt
1139 1570 1247 1625 autern
1275 1561 1350 1624 hae:

213 1663 282 1723 Τοῦ
298 1653 425 1742 πατρὸς
441 1653 479 1723 sd
502 1661 647 1743 παιδίον,
664 1658 741 1743 περὶ
756 1662 984 1738 auctionatum
1008 1662 1263 1742 Testamentum,
1276 1661 1353 1743 aspi

207 1763 398 1845 distinctim
433 1750 545 1845 Εὗρεν
580 1758 600 1845 ἡ
630 1759 735 1836 λοπὰς
767 1759 804 1826 τὸ
840 1768 954 1849 πῶμα,
989 1762 1065 1847 περὶ
1097 1762 1351 1846 νεναμηκότων;

207 1860 390 1926 Pseudulus
414 1862 550 1950 Apollo,
581 1863 657 1948 περὶ
678 1866 771 1928 θεῶν
802 1863 1031 1946 διαγνώσεως;
1055 1861 1184 1948 ”Appon
1211 1875 1351 1948 μετοεῐς,

207 1961 285 2047 περὶ
301 1966 543 2048 φιλαργυρίαςς
558 1963 637 2047 ’Exeo
654 1983 703 2047 σε,
720 1965 799 2048 περὶ
814 1966 930 2049 τύχης;
949 1967 1098 2030 Mutuum
1108 1967 1188 2030 muli
1204 1967 1352 2045 scabunt,

207 2063 285 2147 περὶ
308 2069 489 2150 χωριομοῦ.

291 2166 441 2244 Alterum
464 2190 566 2252 genus
591 2167 741 2233 ordinum
763 2169 824 2231 hae
840 2178 971 2233 saturae
989 2169 1150 2233 efficiunt:
1174 2169 1351 2256 Marcipor,

206 2266 416 2350 Andabatae,
439 2269 511 2334 Lex
533 2269 678 2350 Maenia,
707 2270 785 2353 περὶ
807 2268 984 2353 αἱρέσεων,
1008 2269 1183 2355 Mysteria,
1208 2270 1351 2354 Agatho,

207 2368 441 2454 Endymiones,
458 2369 598 2455 Virgula
614 2368 735 2452 diuina,
752 2371 988 2456 Quinquatrus,
1005 2370 1352 2452 Gerontodidascalus,

207 2471 382 2550 Parmeno,
413 2471 571 2537 Hercules
594 2483 684 2537 tuam
706 2472 821 2554 fidem,
844 2472 1011 2557 Meleagri,
1039 2469 1135 2557 Ταφὴ
1160 2476 1351 2554 Μενίππου,

211 2571 448 2659 Sesquiulixes,
472 2574 659 2659 Sexagesis,
683 2576 801 2638 Γνῶθι
824 2573 982 2658 σεαυτόν,
1006 2574 1215 2638 Eumenides.

291 2675 441 2739 Tertium
471 2675 611 2762 denique
639 2674 714 2739 hae:
750 2675 937 2757 Bimarcus,
966 2673 1125 2740 Hercules
1157 2675 1351 2756 Socraticus,

206 2775 349 2857 Mantua,
372 2776 515 2858 Modius,
536 2773 635 2851 ’Όνος
657 2775 772 2861 λύρας.
804 2785 940 2863 apparet
961 2776 1061 2860 igitur
1083 2775 1225 2840 Nonium
1253 2775 1352 2861 pluri-

208 2879 269 2942 bus
292 2877 386 2943 libris
410 2900 506 2943 usum
530 2899 618 2960 esse,
642 2877 677 2942 id
700 2877 786 2964 quod
808 2877 869 2940 hoo
892 2899 1019 2964 quoque
1047 2887 1238 2961 argumento
1263 2878 1351 2941 euin-

208 2978 290 3041 oitur
317 2981 405 3064 quod
432 2979 544 3043 uariae
571 2977 647 3042 illae
675 2990 860 3045 saturarum
891 2980 991 3043 series
1019 2978 1209 3066 plerumque
1238 2978 1352 3042 eodem

206 3079 267 3143 hoc
289 3082 402 3146 ordine
425 3081 510 3145 inter
533 3103 567 3144 se
590 3079 758 3166 excipiunt
779 3091 815 3146 ut
838 3090 967 3146 saturae
980 3079 1088 3166 duplis
1101 3081 1204 3145 titulis
1217 3081 1353 3168 inscrip-

208 3189 260 3245 tae
292 3203 350 3267 per
390 3175 519 3266 singula
554 3183 664 3267 capita
694 3182 817 3267 primas
831 3171 840 3204 ¹⁸
851 3182 944 3246 sedes
978 3190 1134 3263 teneant,
1163 3181 1354 3268 simpliciter

208 3282 383 3367 inscriptae
407 3282 635 3368 duodeuiginti
657 3271 734 3347 illae
757 3284 933 3361 secundas,
963 3284 1107 3369 quinque
1129 3282 1213 3347 istae
1236 3285 1354 3369 quibus

207 3385 285 3447 item
314 3383 453 3472 simplex
486 3395 535 3449 est
563 3383 695 3467 titulus,
719 3395 895 3449 extremas.
941 3385 996 3469 qui
1020 3383 1099 3450 ordo
1127 3394 1177 3449 ter
1199 3382 1353 3450 uiolatur.

209 3506 324 3571 nempe
357 3487 473 3573 capitis
496 3487 531 3551 II
558 3490 591 3550 in
625 3486 735 3551 littera
763 3487 793 3550 A
822 3494 952 3550 saturae
981 3485 1154 3572 dupliciter
1176 3485 1353 3571 inscriptae

208 3585 333 3668 ultimo,
355 3587 390 3650 in
412 3588 563 3653 litteraP
585 3587 692 3652 medio
716 3586 786 3652 loco
810 3596 991 3672 ponuntur;
1014 3589 1048 3650 in
1071 3586 1178 3672 capite
1194 3587 1242 3651 VI
1263 3591 1353 3673 quin-

208 3709 270 3773 que
293 3697 423 3754 saturae
444 3690 599 3774 leguntur
621 3699 696 3754 ante
719 3688 943 3773 duodeuiginti
959 3687 1149 3773 simpliciter
1170 3687 1353 3775 inscriptas.

209 3787 401 3875 aliquotiens
421 3791 610 3876 permisceri
628 3801 721 3877 putes
734 3799 864 3856 saturas
876 3791 923 3854 ita
938 3800 974 3854 ut
990 3788 1162 3875 dupliciter
1177 3788 1353 3875 inscriptae

209 3891 438 3955 consocientur
466 3914 540 3956 cum
573 3892 618 3956 eis
652 3893 771 3978 quibus
801 3891 940 3978 simplex
970 3889 1084 3956 titulus
1112 3898 1172 3953 est.
1223 3890 1263 3954 de
1291 3912 1354 3975 qua

208 4000 316 4056 tamen
338 4014 373 4054 re
396 3994 499 4057 omnis
524 3993 684 4058 dubitatio
707 3991 834 4058 tollitur
856 3993 883 4057 si
907 3991 1036 4058 ordines
1059 3991 1131 4056 illos
1147 4014 1220 4055 oum
1236 3991 1352 4055 ceteris

208 4090 432 4179 discrepantes
457 4097 642 4160 accuratius
665 4094 935 4158 consideraueris.
980 4116 1056 4158 nam
1078 4117 1110 4180 p.
1137 4093 1206 4175 105,
1229 4092 1271 4157 30
1293 4093 1354 4158 etsi

214 4195 389 4278 Τριοδίτης
419 4194 611 4281 τριπύλιος,
641 4194 718 4276 περὶ
745 4191 866 4277 αρετῆς
899 4179 1046 4279 κτήσεως
1078 4195 1263 4259 nominatur
1290 4216 1354 4258 una

209 4315 282 4359 oum
305 4298 424 4361 saturis
452 4297 517 4361 his:
541 4296 631 4381 Lege
658 4296 804 4379 Maenia,
833 4299 931 4380 Ταφῇ
956 4298 1150 4377 Μενίππου,
1185 4295 1353 4380 Sexagesi,

209 4404 322 4460 caueto
352 4420 392 4461 ne
421 4397 605 4483 exemplum
633 4420 674 4461 ex
702 4397 759 4461 illa
786 4407 897 4461 satura
924 4399 1098 4484 repetitum
1126 4419 1259 4462 censeas
1283 4418 1355 4461 esse

210 4497 410 4582 primarium.
455 4499 529 4563 ide
558 4499 711 4564 Varronis
734 4497 915 4585 Marcipore
939 4500 1099 4564 adscitum
1122 4510 1187 4582 est,
1209 4499 1274 4563 iam
1298 4498 1354 4563 du-

260 4605 368 4658 Schmidt,
383 4608 409 4650 da
422 4607 486 4649 Nonii
500 4609 594 4650 Marcelli
609 4611 664 4649 auct.
679 4619 769 4662 gramm.
1134 4608 1151 4666 9
