3262 5196
728 309 937 372 -42..

263 479 339 538 Noa
362 497 392 556 p.
419 488 446 541 s.
492 478 644 565 capulum
667 479 788 546 dicitur
815 480 970 566 quicquid
999 480 1141 568 aliquam
1170 505 1239 548 rem
1261 485 1349 548 intra
1371 508 1405 548 se

389 583 491 666 capit:
525 605 600 646 nam
624 583 874 668 sarcophagum,
897 581 931 646 id
954 593 1004 648 cst
1026 584 1225 670 sepulcrum,
1255 586 1406 672 capulum

391 681 457 746 dici
493 694 621 749 ueteres
658 683 774 749 uolunt
810 683 896 772 quod
934 708 1069 770 corpora
1104 688 1225 773 capiat.
1270 688 1405 754 Plautus

379 786 559 852 Asinaria:
586 827 623 834 —
650 825 698 850 -.
731 787 817 852 idem
840 787 962 853 Milite:
986 788 1075 875 ‘quid
1099 789 1146 853 ais
1165 792 1221 855 tu?
1250 799 1316 855 tam
1346 790 1406 855 tibi

389 911 449 973 ego
465 890 581 954 uideor
597 889 716 977 oppido
728 889 974 956 Acheruntius?
991 899 1056 955 tam
1073 890 1273 978 capularis?'
1292 916 1320 957 o.
1333 915 1363 979 q.
1378 916 1403 956 s.

266 995 349 1054 Picul.
368 1013 401 1070 p.
428 1002 472 1053 e'l.
517 991 669 1079 capulum
692 1003 724 1058 et
747 992 955 1057 manubrium
976 991 1078 1077 gladii
1094 1004 1231 1059 uocatur
1247 1006 1279 1060 et
1293 995 1326 1058 id
1342 1019 1405 1080 quo

388 1095 508 1157 mortui
536 1095 715 1161 efferuntur
737 1104 909 1182 utrumque
933 1117 953 1159 a
975 1095 1132 1181 capiendo
1156 1097 1289 1162 dictum.
1329 1120 1407 1163 sane

390 1219 410 1259 a
433 1195 525 1282 capio
549 1195 585 1262 fit
607 1197 831 1283 epularier)
1418 1191 1422 1197 ¹

267 1379 341 1436 iven.
360 1396 392 1453 p.
418 1387 445 1436 5.
491 1375 671 1441 temulenta
693 1377 781 1441 dicta
804 1377 944 1458 ebriosa,
969 1377 1057 1442 dicta
1073 1401 1093 1442 a
1109 1388 1238 1461 temeto,
1255 1379 1342 1466 quod
1358 1390 1407 1444 est

389 1476 501 1540 uinum
526 1478 612 1562 quod
634 1487 793 1543 attemtet.
824 1477 959 1543 Plautus
977 1479 1161 1546 Aulularia:
1186 1483 1275 1568 ‘quia
1295 1483 1407 1547 temeti

390 1579 471 1642 nihil
494 1578 630 1645 allatum
653 1582 760 1646 uideo’
785 1606 812 1646 e.
836 1606 866 1668 q.
891 1605 917 1646 s.

265 1687 343 1744 Fosi.
362 1703 395 1760 p.
421 1694 490 1745 364.
537 1693 691 1747 temetum
714 1685 837 1748 uinum.
869 1684 1004 1748 Plautus
1028 1685 1062 1748 in
1086 1670 1272 1752 Aulularia:
1298 1686 1405 1751 ‘Cere-

390 1783 452 1863 rin,
476 1783 632 1864 Strobile,
662 1786 720 1850 has
749 1786 868 1850 facturi
896 1787 1052 1872 nuptias?
1083 1790 1163 1874 qui?
1198 1789 1275 1874 quia
1298 1789 1406 1853 temeti

391 1884 471 1951 nihil
495 1884 632 1952 allatum
653 1888 763 1955 uidco'
787 1912 812 1955 e.
836 1913 866 1975 q.
891 1890 966 1974 s.²⁰)

265 2073 341 2132 Nou.
363 2091 393 2148 p.
419 2081 445 2130 a.
490 2091 644 2154 caparam
667 2078 718 2133 est
732 2070 822 2154 rugis
839 2070 978 2134 frontem
994 2069 1186 2136 contrahere
1203 2082 1235 2136 et
1255 2092 1408 2158 asperare

391 2180 530 2234 tractum
558 2195 578 2234 a
600 2194 771 2257 caprorum
800 2171 963 2236 frontibus
993 2173 1120 2260 crispis.
1166 2171 1306 2238 Plautus
1330 2173 1407 2259 Epi·

394 2272 467 2338 dico
492 2297 519 2337 e.
543 2296 574 2358 q.
597 2298 623 2338 s.

264 2381 352 2439 iiiiii.
373 2397 406 2454 p.
432 2387 481 2437 lo.
525 2384 714 2460 caperatum
736 2397 891 2460 rugosum
913 2399 933 2440 a
955 2399 1112 2441 cornuum
1136 2377 1343 2464 caprinorum
1367 2378 1408 2442 si·

393 2475 576 2542 militudine
601 2476 730 2541 dieitur.

267 2688 337 2745 rt'ou.
358 2705 390 2762 p.
416 2699 443 2748 a.
489 2691 609 2748 nautea
637 2694 686 2749 est
715 2707 800 2770 aqua
828 2685 869 2748 do
898 2686 993 2750 coriis
1023 2686 1074 2750 trel
1109 2685 1196 2772 quod
1224 2696 1273 2750 est
1299 2686 1407 2750 uerius

392 2809 477 2872 siqua
500 2787 540 2850 de
564 2787 693 2850 sentina
715 2787 804 2850 dieta
827 2810 845 2850 a
868 2789 987 2851 nautis.
1033 2787 1168 2852 Plautus
1194 2789 1405 2854 Curculione:

393 2891 479 2951 ‘nam
503 2890 647 2952 onmium
670 2898 869 2973 unguentum
898 2889 979 2954 odor
1006 2912 1084 2976 prae
1108 2900 1164 2955 tua
1186 2900 1306 2955 nautea
1334 2895 1407 2954 est.9

392 3014 420 3053 e.
444 3014 474 3076 q.
498 3015 523 3055 s.

266 3097 344 3156 resi.
363 3115 394 3172 p.
421 3104 485 3156 165.
530 3104 681 3158 nauteam
702 3093 749 3156 ait
764 3092 903 3179 Opillius
927 3093 1129 3178 Aurelius2')
1148 3095 1286 3176 he1·b[ae
1306 3116 1408 3178 genus

393 3219 463 3260 esse
487 3197 598 3280 granis
621 3196 739 3280 nigris]
763 3220 828 3282 qua
850 3199 969 3262 coriari
998 3207 1149 3278 utuntur,
1176 3195 1281 3279 [euius
1305 3195 1408 3260 uideri

393 3321 413 3362 a
434 3322 518 3362 naue
542 3299 692 3384 ducltum
713 3321 842 3380 nomen,
867 3300 943 3384 quia
965 3322 1123 3364 nauseam
1146 3298 1252 3381 i'a[cit.
1282 3320 1408 3384 permu-

393 3404 515 3467 tatione
531 3402 558 3465 T
574 3403 645 3466 otS
667 3400 849 3466 litterarum
872 3400 1155 3488 intermeldiarum
1178 3399 1319 3486 antiquis
1337 3422 1409 3462 cen-

393 3513 495 3569 sueta.
529 3503 665 3568 Plautus
690 3504 723 3568 in
745 3505 936 3568 Artemone:
962 3543 996 3551 —
1026 3542 1074 3568 —.
1120 3502 1207 3566 idem
1232 3502 1265 3564 in
1289 3502 1409 3565 Cureu-

393 3607 494 3672 lione:
519 3611 604 3671 ‘nam
622 3607 718 3692 odor]
737 3617 937 3690 unguentum
953 3608 1097 3672 omnium
1113 3627 1193 3691 prae
1216 3613 1271 3668 tuo
1292 3611 1411 3668 nautea

394 3717 466 3776 est’
491 3733 517 3774 c.
543 3733 573 3794 q.
599 3733 624 3773 a.

338 3905 380 3963 tu)
400 3900 481 3950 ualde
501 3899 606 3948 arridet
624 3897 892 3949 Oilot'rediMuelleri
910 3900 1049 3950 sententia
1065 3899 1189 3949 Verrium
1210 3913 1269 3947 eunt
1289 3898 1411 3962 glossam

267 3988 345 4037 illam
365 3987 497 4036 scriberet
517 4000 661 4035 incuterem
681 3983 766 4034 fuisse
792 3999 886 4036 stersus
907 3985 1022 4036 alterius
1047 3983 1169 4034 ellilite
1193 3983 1338 4048 desumpti.
1376 3983 1411 4033 cf.

269 4075 327 4122 cius
347 4072 552 4122 adnotationem
572 4069 607 4119 ud
627 4069 643 4120 l.
664 4085 686 4118 c.

336 4157 381 4222 20)
401 4163 478 4207 earet
496 4156 604 4220 quidem
627 4154 697 4206 haee
721 4155 814 4220 glossa
835 4155 1010 4220 etymologia.
1053 4159 1082 4204 ut
1103 4159 1196 4205 tamen
1216 4153 1412 4217 huncquoque

269 4243 392 4292 Verrium
425 4241 592 4306 explicuisse
622 4242 703 4292 testis
727 4246 769 4292 est
792 4241 893 4291 Paulus
910 4257 936 4306 p.
955 4242 1017 4292 365:
1039 4244 1178 4290 ‘temetum
1204 4239 1312 4303 uinum,
1340 4237 1411 4288 unde

269 4327 433 4378 temulentus
452 4333 480 4376 et
499 4325 681 4377 temulentiae

336 4410 379 4472 21)
398 4411 518 4462 dubitari
540 4417 632 4478 potest
653 4427 689 4462 an
712 4411 802 4478 potius
826 4411 852 4462 h.
872 4412 890 4463 l.
914 4411 1043 4463 Aurelius
1067 4409 1187 4474 Opiliius
1206 4408 1414 4460 commentatori

268 4499 328 4554 usui
357 4498 450 4551 suerit.
487 4497 558 4564 quod
588 4501 641 4552 etsi
663 4498 722 4549 fieri
752 4497 853 4563 potuit,
885 4502 977 4548 tamen
1001 4495 1068 4546 mihi
1095 4493 1276 4546 uerisimilius
1304 4490 1414 4543 uidetur
