3262 5196
675 351 881 413 *43*

207 527 279 586 rt'oa.
300 544 333 602 p.
359 531 404 584 lo.
449 519 587 586 bardum
611 530 660 585 est
682 519 715 584 ui
738 521 870 606 propria
892 527 925 584 et
947 520 1077 604 ingenio
1100 518 1239 583 tardum.
1273 539 1348 580 nam

287 673 290 678 ,
331 624 452 688 Graeci
477 624 595 688 bardos
619 623 728 688 tardos
753 621 915 686 dicebant.
946 645 973 684 e.
996 644 1026 706 q.
1051 644 1076 686 e.

205 732 293 791 I’aul.
315 747 345 806 p.
369 738 419 788 34.
463 724 586 790 bardus
616 747 635 787 a
663 723 819 788 tarditate
846 723 970 808 ingenii
999 721 1193 809 appellatur.
1239 719 1349 784 Caeci-

332 827 410 892 lius:
437 832 473 876 -'
498 863 549 892 -.
593 826 733 892 trahitur
756 835 864 891 autom
883 825 1043 890 aGraeco
1060 824 1147 913 quod
1157 822 1206 887 illi
1221 819 1350 908 βαρδύς

332 931 457 996 dicunt.

210 1141 285 1202 Non.
304 1158 337 1217 p.
362 1148 410 1199 56.
455 1135 544 1200 curio
568 1135 724 1200 curiosae.
770 1135 905 1199 Plautus
929 1131 1119 1198 Aulularia:
1150 1130 1238 1198 ‘uolo
1266 1129 1350 1194 scire

334 1261 394 1322 ego
418 1261 460 1301 ex
484 1245 516 1302 te
539 1239 594 1324 qui
617 1238 659 1300 sit
682 1259 787 1321 agnus
810 1236 923 1300 curio.’

210 1347 294 1404 Paul.
315 1363 346 1420 p.
372 1352 417 1403 σι).
462 1339 628 1404 curionem
642 1361 762 1424 agnum
778 1337 914 1402 Plautus
930 1359 989 1424 pro
1006 1357 1115 1401 macro
1133 1334 1242 1422 posuit
1257 1334 1350 1420 quasi

334 1465 412 1508 cura
435 1442 637 1509 macruisset.

208 1655 282 1713 lt'oa.
301 1671 336 1729 p.
365 1660 428 1714 103.
473 1647 674 1735 expapillato
704 1646 855 1711 bracchio
885 1645 979 1730 quasi
997 1667 1105 1733 usque
1129 1641 1172 1708 ad
1194 1640 1350 1729 papillam

335 1750 504 1816 renudato.
543 1773 569 1814 e.
594 1773 625 1836 q.
649 1772 673 1814 e.

210 1859 293 1919 Paul.
311 1875 344 1934 p.
370 1864 414 1916 79.
460 1852 662 1938 expapillato
684 1852 850 1934 bracchio,
874 1860 1005 1933 exert03
1030 1847 1117 1936 quod
1140 1870 1213 1911 cum
1235 1847 1273 1910 fit
1295 1868 1350 1934 pa·

333 1954 414 2043 pilla
436 1955 588 2020 nudatur.

213 2165 285 2224 Nar.
306 2185 336 2242 p,
364 2173 430 2224 105.
479 2161 630 2224 cxiurare
664 2169 696 2224 et
729 2158 878 2223 deiurare
906 2158 939 2222 id
968 2168 1018 2222 est
1051 2157 1147 2222 ualde
1180 2158 1287 2221 iurare
1315 2167 1352 2220 ut

333 2263 495 2328 deamare.
540 2261 674 2326 Plautus
698 2261 951 2348 Amphitruone:
975 2260 1182 2325 ‘oxiurauisti
1212 2269 1244 2324 te
1272 2258 1350 2322 mihi

334 2365 459 2430 dixisse
481 2387 539 2451 per
560 2365 701 2429 iocum‘t'

207 2472 294 2532 Paul.
313 2490 346 2547 p.
373 2479 419 2531 77.
465 2467 602 2531 eiuratio
626 2465 791 2551 significat
804 2466 839 2529 id
854 2464 940 2552 quod
957 2465 1158 2531 desideretur
1173 2487 1238 2529 non
1254 2485 1350 2550 possa

334 2569 505 2656 praestari.
548 2567 698 2634 Plautus:
722 2567 875 2633 ‘oiurauit
897 2567 1069 2633 militiam?

208 2779 283 2838 Noa.
305 2795 335 2854 p.
362 2785 426 2851 123,
454 2785 498 2837 lo'.
532 2774 633 2859 igitur
654 2772 797 2857 positum
818 2794 877 2858 pro
893 2782 1017 2858 postea.
1047 2772 1183 2836 Plautus
1217 2770 1350 2858 Amphi-

335 2885 461 2940 truone.
506 2899 534 2940 o.
558 2899 588 2962 q.
613 2899 639 2940 s.

208 2983 293 3042 Paul.
311 3001 346 3058 p.
371 2988 437 3041 105.
481 2977 582 3064 igitur
609 3001 695 3042 nunc
727 2977 858 3065 quidem
888 3001 945 3064 pro
977 2976 1201 3063 completionis
1231 2976 1351 3060 signifi-

333 3079 461 3143 catione
484 3078 584 3161 ualet,
608 3104 691 3166 quae
714 3091 763 3146 est
785 3101 874 3163 ergo.
905 3080 963 3144 sed
981 3081 1067 3164 apud
1084 3079 1236 3168 antiquos
1252 3101 1350 3168 pone-

332 3181 432 3246 batur
453 3203 511 3266 pro
535 3180 611 3247 indo
634 3190 667 3247 et
688 3191 802 3269 postea
824 3193 857 3248 et
881 3192 957 3246 tum.

307 3339 432 3346 ,φφ-ψ-

207 3425 330 3474 Verrium
351 3438 431 3487 quam
450 3421 581 3489 Opillium
601 3423 634 3473 ad
653 3428 747 3489 partes
767 3425 801 3474 ab
816 3440 848 3474 eo
868 3440 928 3475 csso
948 3429 1084 3486 uocatum,
1106 3425 1234 3488 qnoniam
1254 3423 1350 3475 dehoc

206 3508 275 3558 nihil
294 3509 352 3558 fere
373 3511 482 3558 constat
500 3509 553 3559 uisi
572 3509 718 3559 Plautinas
743 3509 853 3559 fabulas
877 3510 1054 3574 praecipuam
1077 3509 1220 3559 materiam
1245 3509 1349 3576 glosso-

206 3593 333 3658 graphici
352 3593 443 3658 operis
461 3593 622 3658 praebuisse
640 3597 671 3643 ut
689 3595 730 3643 ait
742 3593 920 3648 thschelius.
949 3608 1112 3659 quamquam
1132 3597 1196 3642 sunt
1215 3593 1350 3657 quaedam

207 3678 349 3743 Opilliana
373 3693 442 3742 quae
466 3678 534 3728 satis
558 3679 705 3728 concinant
727 3693 787 3728 oum
810 3668 953 3729 Nonianis.
990 3684 1020 3727 ut
1038 3677 1143 3727 Nonius
1166 3694 1191 3741 p.
1216 3680 1248 3727 62
1271 3683 1340 3728 carrel

207 3766 296 3814 ι’ἰιιὶιιιιι
310 3764 390 3813 noctis
401 3765 506 3827 primam
519 3770 615 3828 ternpus
628 3781 676 3828 qno
690 3765 772 3814 omnia
784 3766 931 3830 quiescendi
940 3765 1027 3828 pratia
1039 3765 1216 3813 corrricescunt.
1231 3770 1350 3814 (tractores

205 3849 275 3898 rualli
291 3855 347 3896 sant
366 3848 425 3898 ιιιίΙιί
441 3849 488 3898 sed
505 3851 657 3898 arcetoritate
675 3851 800 3912 deficiant.
838 3848 957 3914 Opillius
976 3847 1050 3914 apud
1070 3848 1221 3898 Varronem
1235 3847 1252 3897 l.
1267 3848 1282 3896 l.
1297 3849 1348 3899 VIl

204 3936 228 3994 ἕ.
249 3935 281 3982 ta
298 3940 381 3997 putem
399 3950 416 3982 ιι
438 3935 626 3984 conticiscerulo
645 3937 803 3984 conticinium
814 3937 878 3998 sitae,
896 3943 923 3984 ut
943 3933 1048 3998 Opellius
1065 3933 1161 3992 scribit,
1180 3934 1212 3982 ab
1230 3950 1260 3984 eo
1277 3951 1350 3999 quom

204 4019 378 4068 conticuerant
395 4019 513 4072 tornines.
533 4019 620 4068 minus
638 4023 731 4069 tamen
750 4024 905 4086 congruunt
922 4020 991 4070 Non.
1010 4035 1035 4084 p.
1056 4020 1097 4082 13,
1116 4022 1132 4069 o
1156 4021 1272 4069 ueterano
1296 4020 1349 4068 ιιιιὶ-

206 4106 281 4154 ιιιαΙία
299 4106 416 4154 dr'cuntur
434 4108 515 4154 οιιιιιίιι
533 4121 597 4170 qaae
617 4105 709 4154 ualere
727 4107 788 4172 qaid
804 4112 911 4170 praesunt
932 4105 1064 4155 Lucretiae
1083 4103 1125 4154 lib.
1149 4105 1181 4152 V.
1202 4121 1225 4159 o.
1246 4119 1271 4169 q.
1286 4121 1307 4156 s.
1323 4109 1350 4155 et

207 4189 292 4254 Opill.
312 4189 384 4253 apud
403 4189 518 4239 Paulum
538 4207 564 4254 p.
584 4191 634 4240 369
653 4193 791 4240 rceteriuum
808 4192 911 4241 beatiam
933 4191 1064 4240 iumentum
1086 4189 1151 4240 Cato
1174 4192 1317 4256 appellauit
1334 4209 1350 4240 ιι

205 4275 327 4327 credendo.
348 4274 464 4338 vOpr'llias
481 4277 619 4324 aetermam
641 4277 692 4325 dici
710 4283 785 4340 putat
808 4278 883 4342 quasi
899 4277 1055 4326 conterinum
1077 4279 1118 4326 uel
1138 4278 1264 4325 uterinam
1282 4278 1351 4340 qaod

205 4361 241 4410 ad
257 4365 370 4410 uentrem
387 4375 450 4410 onas
467 4362 599 4425 relipatam
614 4367 699 4424 perat.
736 4360 771 4411 cf.
792 4360 909 4424 deniquo
928 4361 996 4410 Non.
1017 4377 1041 4424 p.
1056 4362 1088 4411 25
1106 4363 1204 4423 colpum
1222 4364 1250 4410 et
1263 4358 1348 4424 Opill.

206 4459 249 4508 ap.
286 4445 399 4494 Festum
429 4461 455 4510 p.
486 4447 535 4496 375
563 4459 585 4495 s.
614 4459 640 4497 u.
669 4448 764 4510 colpos.
805 4447 903 4512 quibus
938 4447 971 4496 de
1007 4445 1076 4496 loeis
1110 4443 1184 4494 infra
1213 4444 1347 4502 disseren-

206 4529 268 4580 dum
288 4529 347 4580 erit.
