3260 5212
737 309 947 375 „78...

267 482 330 566 ipsi
353 478 479 544 Lucilio
502 477 718 566 subaequales
748 481 904 544 recitasse
927 480 1031 564 magis
1059 502 1158 566 quam
1180 481 1412 547 commentario

268 592 425 670 perpetuo
448 581 644 646 instruxisse
666 582 810 646 carmina
831 592 918 646 recte
941 581 1005 644 iam
1029 582 1225 666 Suringarus
1255 582 1313 666 (cf.
1338 583 1414 646 hist.

271 684 342 749 crit.
373 682 473 748 schol.
503 681 559 746 lat.
588 684 605 746 l
635 706 666 769 p.
696 684 751 769 59)
787 684 970 770 suspicatus
1005 693 1055 747 est
1082 706 1187 770 neque
1210 683 1250 748 de
1279 683 1414 770 reliquis

268 785 446 872 quidquam
458 794 596 850 constat.
620 784 679 848 sed
694 808 768 850 cum
780 785 957 850 Lerschius
975 783 1029 868 (de
1044 795 1191 850 ueterum
1207 784 1415 872 philosophia

268 886 413 972 linguam
441 895 609 973 spectante
633 886 687 951 ΙΙΙ
712 910 753 972 p:
777 888 836 952 138
860 885 944 973 sqq.)
973 885 1187 972 probabiliter
1215 889 1413 952 demonstra-

270 990 357 1054 uerit
378 988 548 1053 Valerium
571 988 730 1054 Catonem
753 989 794 1053 de
816 989 990 1053 uerborum
1019 987 1214 1054 differentiis
1244 989 1414 1075 scripsisse

268 1090 471 1176 eundemque
494 1088 663 1154 Valerium
679 1113 753 1156 cum
768 1099 895 1156 constet
910 1091 937 1153 si
952 1113 1019 1154 non
1039 1091 1305 1154 commentarium
1328 1113 1413 1154 com-

268 1193 416 1279 posuisse
438 1201 526 1257 certe
548 1194 582 1257 in
604 1191 783 1257 Luciliauis
808 1191 1005 1257 carminibus
1023 1190 1225 1276 explicandis
1247 1202 1415 1256 uersatum

269 1317 340 1358 esse
363 1316 429 1358 non
450 1292 588 1358 multum
612 1293 785 1359 aueritate
807 1295 959 1358 recedere
975 1294 1070 1358 nobis
1085 1293 1234 1358 uidemur
1250 1295 1278 1357 si
1299 1295 1412 1358 statui-

268 1419 340 1459 mus
357 1393 535 1460 Valeriana
557 1417 623 1460 non
645 1393 735 1458 nulla
757 1394 800 1458 ad
816 1395 958 1460 Nonium
981 1397 1169 1480 peruenisse
1192 1397 1341 1480 quamuis
1357 1418 1415 1482 per

269 1498 350 1563 alios
387 1507 531 1582 accepta.
577 1506 673 1582 atque
696 1505 786 1561 extat
807 1519 907 1561 unum
936 1497 1110 1580 uestigium
1139 1495 1216 1560 licet
1243 1497 1413 1562 obscurius

270 1599 506 1684 exiguumque:
543 1597 628 1662 Non.
658 1622 689 1683 p.
718 1598 791 1678 436,
820 1599 871 1662 30.
916 1603 1070 1677 cupiditas
1098 1608 1127 1661 et
1157 1603 1266 1678 cupida
1295 1605 1414 1664 diuersa

268 1715 345 1783 saut,
369 1722 439 1765 uam
461 1706 612 1780 cupiditas
634 1707 729 1764 leuior
751 1711 802 1764 est.
835 1704 978 1764 Lucilius.
1003 1721 1030 1763 e.
1055 1722 1086 1784 q.
1110 1723 1136 1764 s.
1180 1701 1224 1765 cf.
1246 1699 1414 1765 Valerium

270 1804 427 1868 Catonem
451 1802 540 1887 apud
562 1802 725 1866 Isidorum
748 1801 907 1864 different.
931 1800 1015 1865 libro
1044 1800 1106 1887 Op.
1129 1825 1161 1887 p.
1187 1801 1248 1866 194
1262 1803 1305 1866 B:
1330 1809 1416 1867 aliud

269 1917 313 1969 est
334 1925 420 1970 aruer
443 1907 586 1980 aliudque
608 1908 735 1982 cupiam
758 1907 884 1967 decessit
905 1909 983 1967 illico
1006 1909 1083 1966 ulter
1105 1908 1154 1967 ubi
1181 1911 1257 1968 alter
1278 1911 1414 1969 recessit:

271 2015 349 2072 alter
371 2012 471 2084 bouus,
495 2011 571 2068 alter
593 2004 751 2087 malus.³2)
796 2004 878 2068 Sunt
900 2014 1069 2089 praeterea
1084 2005 1243 2090 quaedam
1267 2006 1414 2071 similitu·

270 2109 362 2174 dines
385 2131 458 2172 cum
482 2105 555 2171 aliis
578 2105 800 2190 grammaticis
820 2128 901 2191 quas
922 2104 1003 2170 utile
1025 2118 1076 2170 est
1098 2108 1271 2172 ascribere.

270 2313 353 2377 Non.
376 2335 408 2397 p.
432 2312 483 2376 22.
528 2333 682 2391 cuprauae
710 2316 852 2374 dicuutur
879 2330 980 2374 ceurae
1002 2332 1079 2389 quae
1100 2324 1170 2376 aute
1194 2316 1327 2388 frontem
1348 2323 1416 2378 suut

399 2420 513 2492 quasi
534 2434 553 2476 a
575 2419 701 2491 cupite
721 2433 872 2491 prauae.

270 2514 363 2581 Paul.
385 2539 418 2600 p.
440 2515 491 2579 48.
536 2534 690 2593 caprouae
704 2534 846 2593 equorum
867 2519 953 2590 iubae
973 2519 1149 2591 lafrautem
1164 2522 1301 2581 deueaae
1316 2521 1414 2582 dictae

398 2623 509 2695 quasi
528 2643 546 2679 a
568 2623 694 2695 capite
711 2637 865 2694 prauae.

271 2823 353 2886 Non.
378 2844 410 2907 p.
439 2821 490 2885 35.
537 2827 651 2898 aupiuu
678 2843 772 2898 peuus
805 2826 915 2894 morbi·
948 2842 982 2885 eo
1014 2828 1093 2900 quoa
1121 2835 1214 2901 auput
1241 2835 1269 2886 et
1300 2830 1414 2889 Graece

397 2927 545 3001 ‘spauca'
569 2928 750 3002 appellatur.

270 3025 363 3088 Paul.
387 3045 419 3109 p.
442 3023 472 3087 8.
517 3043 614 3100 uapor
640 3033 683 3086 est
710 3029 804 3087 animi
828 3031 877 3088 uet
902 3032 1038 3104 corporis
1065 3032 1214 3090 cruciatus
1237 3034 1366 3106 proprie
1395 3049 1414 3090 a

398 3130 513 3188 Graeco
536 3121 660 3207 ἀγχόνη
677 3131 696 3189 r‘.
713 3147 738 3189 e.
754 3132 992 3204 straupulatioue
1007 3131 1120 3198 (lutus,-
1142 3134 1222 3190 uurle
1236 3139 1265 3192 et
1274 3132 1414 3204 saucium

403 3231 487 3290 dator
509 3233 624 3304 aupiuu
647 3237 784 3291 uucrrtur.

272 3430 357 3494 Non.
380 3454 412 3516 p.
435 3430 485 3494 35.
529 3437 650 3509 priuuru
684 3441 739 3494 est
774 3437 967 3511 proprium
997 3440 1307 3512 uniuscuiusqua·
1336 3441 1415 3500 uude

398 3542 427 3595 et
445 3537 496 3596 'res
512 3540 649 3611 priuata.

271 3635 357 3699 Fost.
386 3656 418 3719 p.
446 3633 519 3698 226.
560 3641 667 3714 priuos
689 3641 858 3713 priuasque
885 3643 1001 3714 antiqui
1027 3641 1167 3700 dicebaut
1191 3658 1250 3717 pro
1277 3645 1411 3717 sirrpulr‘s.

314 3757 315 3760 ¹
400 3740 435 3798 alr
449 3757 537 3814 paam
558 3757 682 3800 causam
702 3749 731 3799 et
747 3744 873 3816 priuata
890 3742 1040 3815 dicuutur,
1059 3759 1152 3816 quae
1174 3747 1413 3806 uniuscuius-

398 3857 466 3912 que
494 3843 576 3902 siut.
612 3859 639 3901 e.
671 3862 702 3924 q.
734 3861 760 3902 s.
804 3841 844 3904 cf.
869 3838 953 3904 Gell.
977 3837 1017 3904 N.
1041 3841 1081 3904 A.
1107 3840 1155 3920 Χ,
1179 3841 1231 3921 20,
1253 3843 1284 3904 4.
1329 3842 1414 3908 Non.

398 3961 430 4022 p.
456 3938 527 4020 159,
551 3939 602 4002 24.

275 4111 500 4119 ———-—-

272 4210 435 4278 menterios]
459 4214 487 4262 in
506 4214 577 4263 alios
595 4213 722 4264 Plautum
742 4215 875 4265 uidelicet
893 4217 1015 4266 Lucilium
1033 4216 1164 4268 Flaccum
1183 4219 1307 4268 Persium
1333 4224 1415 4282 atque

273 4299 414 4346 lurconum
424 4303 441 4360 '‚
456 4297 524 4346 nihil
544 4303 635 4347 tamen
655 4299 753 4348 auxilii
772 4301 931 4350 coniectura
951 4301 1000 4349 illa
1018 4303 1097 4351 nobis
1116 4302 1285 4366 suppeditat.

242 4439 245 4448 ¹
339 4381 384 4444 32)
402 4381 550 4432 Lerschius
569 4384 649 4432 nimis
669 4383 800 4433 audacter
818 4385 836 4438 l.
855 4385 873 4436 l.
892 4401 917 4450 p,
939 4387 986 4435 139
1006 4387 1127 4436 coniecit
1139 4388 1254 4437 Nonium
1274 4387 1415 4438 ellrtlerio

273 4465 379 4516 Catone
398 4482 448 4515 sua
465 4467 600 4518 hausisse.
637 4474 758 4519 ceterum
777 4469 812 4522 cf.
826 4471 894 4521 Non.
914 4487 940 4534 p.
959 4473 1018 4534 4⁴21,
1038 4474 1068 4522 11
1082 4475 1175 4535 cupido
1192 4479 1217 4520 et
1235 4487 1312 4522 arnor.
