3262 5196
664 387 872 450 .-49.ᾳ

682 560 778 638 caput
799 561 855 623 111.

196 679 227 741 p.
250 655 324 736 205,
347 656 399 719 21.
423 655 487 720 litt.
509 658 548 721 F.

322 757 439 821 lemma
461 759 491 823 3.
515 759 603 822 funis
779 764 936 825 Lucretius
958 765 1002 838 ΙΙ,
1029 774 1113 825 1155.

461 862 493 924 4.
516 861 636 924 fretum
780 860 945 945 Vergilius
969 860 1022 928 lib.
1047 863 1110 928 III.

777 966 935 1028 dometius
963 969 1014 1040 Vl,
1039 976 1107 1029 364.

778 1063 934 1128 Naeuius.

777 1166 916 1230 Ennius.

776 1266 934 1332 Lucilius.

776 1368 883 1435 Varro
907 1369 1004 1437 Gallo
1031 1381 1089 1435 eut
1112 1372 1294 1436 Fundanis.

195 1596 223 1656 p.
247 1572 319 1655 221,
343 1571 395 1636 25.
417 1571 479 1637 litt.
502 1573 541 1636 T.

236 1672 354 1738 lemma
376 1676 407 1738 5.
430 1683 540 1738 textus
777 1680 935 1739 Lucretius
966 1681 997 1747 V,
1022 1687 1070 1740 95.

773 1757 865 1840 roem
888 1777 947 1841 vr.

777 1879 889 1943 Attius
912 1878 1141 1966 Nyctegresia.

689 2095 786 2172 caput
806 2095 841 2156 V.

193 2212 226 2274 p.
249 2189 322 2270 424,
346 2189 377 2255 6.

235 2290 352 2354 lemma
369 2291 417 2356 12.
430 2291 566 2378 *expleri
587 2302 620 2358 et
641 2294 755 2358 satiari
778 2298 933 2358 lucretius
954 2298 1015 2372 ΙΙΙ,
1044 2306 1126 2359 loto,

777 2396 821 2460 Μ.
845 2394 972 2459 'l'ullius
997 2396 1038 2478 de
1060 2419 1128 2482 rep.
1151 2395 1212 2461 VI.

372 2497 421 2560 13.
444 2519 539 2560 arcus
562 2506 596 2561 et
618 2519 738 2583 arquus
777 2502 934 2562 lucretius
961 2503 1013 2571 VI,
1038 2509 1108 2561 526.

661 2713 757 2791 caput
778 2713 863 2776 VIII.

194 2832 226 2894 p.
248 2809 322 2874 481.

236 2911 353 2974 lemma
367 2911 418 2975 26.
443 2911 518 2995 gelu
775 2917 934 2976 Lucretius
963 2917 994 2990 V,
1022 2923 1089 2976 206.

775 3014 862 3078 idem
884 3014 940 3078 VI.

365 3117 417 3180 21.
440 3137 543 3202 uapor
775 3122 933 3180 Lucretius
963 3120 1013 3192 VI,
1037 3126 1104 3180 953.

676 3341 773 3419 Caput
793 3340 847 3403 XI.

193 3460 226 3523 p.
248 3437 321 3518 511,
348 3437 397 3500 14.

278 3537 396 3602 lemma
423 3539 470 3602 16.
493 3539 666 3625 propritim
780 3544 938 3604 lucretius
958 3544 1002 3618 II,
1027 3550 1094 3604 975.

279 3811 404 3877 Horum
427 3811 558 3897 quidem
581 3811 730 3876 ordinum
759 3813 799 3876 de
821 3811 1057 3897 compositione
1083 3811 1142 3876 uix
1171 3821 1222 3876 est
1248 3812 1335 3898 quod

194 3913 323 3976 addam.
362 3913 491 3998 saepius
508 3914 593 3976 enim
617 3915 644 3977 si
665 3935 724 3999 pro
743 3913 856 3979 ordine
876 3935 974 3977 unam
995 3912 1138 3997 glossam
1160 3915 1334 3996 inueneris,

194 4014 239 4077 eis
264 4036 347 4098 quoe
370 4024 467 4078 antea
490 4014 529 4078 de
551 4013 613 4078 huo
635 4037 671 4079 re
693 4015 903 4100 exposuimus
926 4013 1100 4090 intellectis
1123 4015 1334 4081 dubitationis

192 4114 274 4178 nihil
293 4117 357 4179 iam
379 4125 488 4180 restat.
524 4115 586 4182 hoc
601 4125 710 4180 tamen
730 4117 941 4182 recordemur
956 4138 1088 4180 neeesse
1103 4117 1234 4181 uidetur
1248 4119 1335 4202 quod

193 4216 344 4303 exempla
359 4217 531 4282 subseoiuu
547 4220 574 4282 si
590 4241 674 4304 quae
690 4219 793 4283 affixa
808 4229 883 4283 sunt
897 4219 1062 4305 primariis
1079 4241 1206 4305 semper
1221 4218 1335 4283 eodem

194 4317 309 4382 ordine
331 4341 404 4382 sese
421 4320 587 4406 excipiunt
607 4343 671 4404 quo
695 4321 776 4384 alias
795 4322 886 4407 ipsae
902 4321 1003 4384 series
1024 4319 1248 4405 exemplorum
1271 4321 1334 4404 pri·

193 4421 381 4485 mariorum.
417 4420 502 4485 unde
525 4422 589 4484 iam
611 4443 711 4507 supra
732 4432 819 4486 recte
834 4420 1005 4504 collegisse
1027 4421 1119 4486 nobis
1142 4420 1336 4485 uidebamur

193 4521 340 4609 exempla
363 4522 419 4586 illu
442 4523 483 4586 ab
506 4523 576 4608 ipso
592 4523 697 4588 Nonio
719 4545 791 4588 esse
814 4522 944 4588 adiecta
964 4521 1104 4586 fortasse
1125 4543 1167 4588 ex
1194 4524 1241 4588 eis
1264 4523 1334 4588 fon-

244 4633 385 4685 Sohmidt,
400 4633 429 4673 de
441 4633 511 4674 Nonii
525 4633 631 4674 Marcelli
646 4636 706 4676 auct.
721 4645 816 4684 gramm.
1113 4625 1134 4688 4
