3262 5196
701 306 890 368 „7—

225 473 320 536 facile
352 471 534 538 adducetur
558 485 594 538 ut
623 473 839 560 amplectatur
871 476 1066 542 sententiam
1095 475 1367 558 Schottmuelleri‚

225 575 280 660 qui
311 574 495 660 exemplum
530 599 548 638 e
580 575 723 640 Poenulo
759 578 896 662 petitum
924 578 1115 662 primarium
1150 601 1222 642 esse
1253 581 1368 644 statuit

224 677 418 762 putauitque
433 675 574 741 Nonium
591 687 706 762 postea
721 679 848 742 demum
873 701 970 764 quam
993 677 1074 744 illud
1090 682 1156 743 iarn
1172 703 1189 743 e
1205 703 1367 745 commen·

223 777 307 842 tario
336 778 570 863 exscripserat,
604 780 694 864 prius
721 779 943 844 testimonium
974 802 991 843 e
1020 781 1131 846 Sticho
1159 782 1364 868 desumptum

223 878 402 943 addidisse.
445 889 512 964 'qua
533 881 566 942 in
594 903 628 944 re
652 881 760 946 nescio
783 904 826 945 an
854 882 961 946 uimm
984 883 1116 946 doctum
1144 883 1251 968 opinio
1276 882 1364 947 fefel-

222 979 306 1044 lerit.
337 1003 443 1065 neque
466 980 549 1044 enim
571 982 667 1046 uideo
690 1004 746 1046 cur
768 1005 899 1048 uersum
921 983 1013 1047 illum
1036 983 1181 1048 oSticho
1205 984 1364 1049 adscitum

223 1104 280 1167 pro
304 1082 459 1166 primario
490 1082 639 1168 exemplo
667 1084 852 1148 habendum
882 1107 954 1149 esse
976 1107 1147 1168 negemus,
1172 1087 1363 1172 praesertim
1454 1117 1459 1126 ·

222 1205 295 1246 cum
314 1183 445 1247 Stichus
463 1185 569 1248 ordini
581 1184 768 1250 fabularum
784 1185 989 1271 alphabetico
1006 1224 1040 1234 -
1059 1197 1095 1251 ut
1110 1187 1242 1252 breuius
1266 1211 1362 1272 quarn

223 1283 356 1348 latinius
380 1284 486 1348 dicam
510 1324 552 1332 —
574 1286 695 1372 optime
717 1287 840 1351 inserta
862 1288 922 1352 sit:

503 1445 638 1513 finitores
678 1439 786 1504 Plaut.
809 1447 931 1506 Poenul.
954 1441 1036 1527 prol.
1059 1443 1111 1506 48.

504 1560 626 1618 pessum
676 1539 783 1605 Plaut.
807 1547 899 1607 Stich.
923 1543 969 1625 ΙΙ,
992 1543 1023 1624 2,
1047 1545 1099 1608 45.

679 1641 785 1706 Plaut.
810 1643 943 1708 Poenul.

676 1743 780 1807 Lucil.
805 1743 873 1808 Sat.
897 1745 953 1810 lib.
976 1746 1072 1810 XIX.

505 1867 598 1923 expes
674 1845 786 1910 Attius
811 1847 989 1932 Eurysace.

674 1947 785 2011 Attius
809 1947 936 2011 Medea.

501 2055 605 2112 exules
672 2047 797 2130 Vergil.
821 2071 932 2134 georg.
957 2048 1019 2113 111.

503 2155 652 2229 uesle'spr'cr‘
672 2149 780 2214 Plaut.
809 2154 978 2214 Trinummo
1001 2151 1045 2216 ΙΙ.
1074 2153 1098 2233 1,
1122 2154 1174 2214 21.

672 2249 788 2314 Afran.
812 2252 965 2336 Vopiseo.

673 2352 777 2414 Varro
801 2353 926 2438 Pappo.

214 2505 291 2588 quin
314 2506 341 2568 si
364 2505 489 2568 Nonius
513 2513 626 2590 postea
648 2504 778 2568 demum
794 2527 923 2568 uersum
940 2528 958 2568 e
973 2505 1084 2570 Sticho
1101 2506 1247 2570 adlatum
1270 2509 1357 2570 inue-

214 2607 316 2671 nisset
338 2615 370 2669 et
392 2606 579 2687 adiecisset,
602 2604 690 2668 nullo
714 2619 810 2692 pacto
833 2605 999 2692 explicare
1022 2631 1206 2693 possemus,
1229 2608 1283 2693 qui
1310 2609 1356 2670 fa·
1455 2597 1458 2603 ¹

213 2719 301 2773 ctum
335 2707 379 2772 sit
411 2718 447 2772 ut
479 2706 535 2771 ille
568 2730 651 2792 quae
679 2717 794 2793 postea
824 2707 995 2771 inuenerat
1030 2719 1105 2772 ante
1134 2732 1173 2774 ea
1202 2710 1359 2774 scriberet

214 2832 296 2893 qnae
324 2811 390 2874 iam
418 2808 493 2874 stilo
522 2810 738 2874 mandauerat
765 2831 870 2895 neque
897 2810 1004 2894 potius
1033 2819 1109 2895 post
1131 2833 1184 2890 ea,
1214 2811 1248 2874 id
1270 2810 1356 2893 qnod

212 2911 315 2976 multo
338 2911 442 2994 magis
466 2910 729 2996 respondetque
752 2933 881 2996 semper
902 2909 1004 2996 pollet
1025 2911 1250 2996 neglegentiae
1272 2911 1356 2975 iner-

213 3014 350 3098 tiaeque.
395 3012 492 3074 immo
522 3013 549 3075 si
579 3013 708 3076 omnino
731 3011 962 3077 commentario
987 3035 1064 3075 usus
1088 3022 1155 3094 est,
1184 3012 1225 3075 ad
1249 3011 1354 3077 Plaut.

214 3113 314 3178 Stich.
340 3112 384 3194 ΙΙ,
408 3115 439 3194 2,
462 3113 504 3177 45
527 3137 565 3177 ea
581 3113 724 3178 Nonium
747 3114 888 3178 arbitror
910 3115 1075 3177 inuenisse
1090 3113 1256 3193 adnotata,
1274 3137 1356 3199 quae

213 3240 239 3278 s.
263 3239 294 3278 u.
317 3234 438 3294 poserem
460 3214 558 3279 hodie
581 3214 729 3298 legimus.
769 3214 938 3278 transtulit
961 3224 1069 3279 autem
1092 3215 1355 3300 explanationem

212 3316 245 3379 in
268 3316 397 3381 lexicon
426 3338 534 3396 suurn,
563 3316 717 3402 ascripsit
745 3339 876 3380 uersum
907 3317 949 3380 ad
977 3339 1073 3402 quem
1096 3339 1134 3379 ea
1157 3317 1245 3379 facta
1273 3328 1354 3398 erat,

213 3416 341 3483 addidit
364 3417 503 3502 denique
532 3416 717 3502 exemplum
744 3419 829 3504 quod
859 3419 893 3481 in
916 3419 1145 3482 commentario
1174 3428 1244 3482 erat
1266 3417 1354 3482 adla-

212 3527 291 3582 tum.
322 3541 425 3602 neque
441 3526 555 3583 contra
578 3520 767 3582 sententiam
792 3519 971 3583 benefacit
987 3519 1074 3604 quod
1090 3541 1189 3583 uersu
1211 3542 1228 3582 e
1245 3519 1354 3583 Sticho

213 3617 366 3684 Plautina
388 3619 558 3705 desumpto
582 3642 646 3684 non
669 3619 826 3705 probetur
846 3641 967 3699 possum
990 3620 1144 3685 uocabuli
1167 3618 1353 3705 explicatio.

212 3744 286 3785 cum
309 3722 394 3784 enim
416 3718 613 3786 uocabulum
636 3719 717 3784 illud
739 3724 772 3784 in
796 3721 943 3807 exemplo
960 3721 1046 3808 quod
1063 3721 1213 3808 equidem
1235 3723 1352 3808 prima·

211 3822 296 3886 rium
324 3842 395 3886 esse
425 3831 532 3886 statuo
554 3821 747 3887 adhibeatur
776 3824 817 3887 ad
847 3823 921 3888 uela
948 3824 1055 3887 uentis
1088 3822 1204 3887 inflata
1232 3823 1352 3907 signifi-

211 3924 334 4005 canda,
362 3925 483 4008 optime
506 3933 741 3990 commentator
768 3925 870 4011 aliqui
892 3924 1049 3989 adnotare
1076 3933 1205 4010 poterat
1229 3947 1353 4004 possum

201 4031 335 4105 proprie
356 4046 496 4103 raporum
518 4047 581 4089 csse
604 4035 636 4088 et
658 4027 753 4091 huius
777 4026 1026 4110 significationis
1049 4026 1234 4092 testimonia
1256 4027 1352 4092 istae

210 4126 355 4192 Poenulo
379 4125 531 4190 Plautina
546 4135 577 4190 et
599 4127 718 4192 Lucilii
741 4130 861 4209 saturis
885 4128 1004 4192 addere
1027 4127 1081 4191 ubi
1106 4128 1146 4192 de
1169 4151 1234 4191 uua
1256 4151 1354 4212 passa

211 4228 334 4294 dietum
368 4237 419 4292 est
449 4237 481 4292 et
516 4235 622 4308 ramosi
636 4237 791 4314 ‘passique
817 4251 903 4294 senes
934 4229 1154 4294 nominantur.
1205 4228 1351 4294 Stichum

211 4338 318 4394 autem
331 4328 477 4393 fabulam
489 4329 522 4393 in
536 4330 618 4394 libro
633 4354 696 4416 qno
709 4332 863 4397 utebatur
875 4330 903 4393 N
907 4331 1011 4409 onius
1022 4329 1159 4394 infuisse
1172 4329 1353 4394 luculenter

211 4439 386 4518 apparete
409 4431 526 4496 ceteris
550 4432 719 4498 ordinibus
741 4433 785 4498 cf.
809 4455 840 4519 p.
863 4433 926 4496 210
948 4455 996 4518 sq.
1019 4432 1082 4496 532
1104 4454 1151 4517 sq.
