3262 5196
660 351 890 432 Lan-

339 547 415 607 Noa.
436 563 469 620 p.
496 552 558 620 179,
584 553 637 605 30:
781 543 784 635 ᾖ
817 545 947 604 Sisenna
970 561 1019 619 up·
1046 544 1136 603 Cher.
1157 561 1189 618 p.
1218 550 1281 611 221,
1301 551 1335 602 6:

211 687 332 756 taurim,
366 692 416 743 tuo
444 700 533 744 more.
586 684 712 742 Plautus
740 685 768 741 iu
797 684 909 740 tuatim.
935 681 1061 740 Plautus
1088 682 1118 739 in
1142 681 1357 754 Amphitruone

213 786 444 861 Amphitruone:
461 786 540 844 ‘ecce
554 802 617 844 rem
632 787 693 846 ium
706 791 769 844 triu·
783 833 784 870 ,
798 785 849 843 uhi
870 784 998 841 Sisenna
1022 789 1054 842 ut
1077 784 1241 845 nostratim.
1265 783 1357 856 siout·

211 890 262 948 tim
279 887 385 960 fucit'
783 889 868 959 tficat
892 892 989 946 autem
1011 891 1063 944 tuo
1085 901 1177 945 more.

209 1055 308 1118 nimio
337 1053 465 1118 inanior
492 1052 624 1117 uidetur
656 1053 844 1118 coniectura
870 1052 979 1139 ipsum
1008 1051 1164 1117 Sisennae
1196 1071 1357 1117 commen·

212 1155 328 1220 tarium
352 1154 458 1219 Nonio
481 1162 610 1240 praesto
633 1155 735 1220 fuisse
758 1178 855 1242 quam
878 1165 914 1220 ut
936 1177 1008 1220 eam
1031 1155 1179 1240 accipere
1207 1153 1356 1234 audeam,

210 1258 405 1345 praesertim
427 1278 501 1320 cum
523 1263 643 1322 tractim
666 1256 783 1322 lemma
805 1281 870 1322 non
893 1267 959 1322 tam
981 1256 1244 1322 ocorrrmentario
1261 1254 1357 1318 Plau-

212 1359 279 1424 tino
303 1381 376 1422 erim
399 1357 547 1422 hausisse
570 1382 667 1445 quam
690 1361 799 1446 potius
823 1383 840 1424 e
863 1359 1022 1445 glossario
1052 1357 1160 1443 aliquo
1186 1356 1356 1422 aduerbio·

211 1483 283 1524 rum
307 1469 480 1547 propterea
502 1470 597 1525 extra
619 1485 746 1527 omnem
769 1463 913 1548 positum
936 1463 979 1527 sit
996 1460 1244 1542 dubitationem,
1268 1457 1357 1546 quod

211 1563 370 1628 insertum
394 1573 444 1627 est
466 1562 572 1628 ordini
595 1563 692 1628 alicui
715 1564 947 1629 aduerbiorum
963 1563 1004 1628 de
1020 1563 1137 1650 quibus
1153 1562 1240 1625 infra
1255 1559 1357 1646 expli-

211 1666 351 1730 cabitur.
398 1687 502 1750 ncque
524 1673 632 1730 lemtim
656 1667 760 1731 estin
784 1666 898 1731 ordine
914 1666 1076 1730 Plautino.
1121 1664 1248 1729 accedit
1270 1661 1355 1748 quod

212 1769 277 1832 iam
307 1789 408 1854 supra
435 1766 579 1831 uidimus
609 1769 798 1834 auctoribus
821 1770 969 1835 Varrone
998 1765 1234 1834 recentioribus
1263 1787 1357 1828 usum

215 1892 285 1933 esse
307 1869 462 1949 Nonium,
486 1892 550 1954 qua
565 1893 600 1934 re
615 1871 680 1935 nisi
694 1871 804 1935 omnia
818 1870 938 1936 fallunt
953 1870 1054 1937 libros
1077 1892 1148 1934 eum
1173 1867 1357 1932 excussisse

214 1969 366 2036 credibile
389 1980 439 2036 est
462 1970 600 2035 Sisenna
629 1972 730 2038 multo
755 1974 968 2054 recentiores,
992 1972 1048 2058 qui
1077 1983 1186 2036 tamen
1214 1969 1256 2033 ab
1286 1968 1356 2032 eius

216 2073 341 2158 scriptis
366 2094 519 2154 magnam
542 2085 667 2159 partem
696 2074 861 2140 duxerunt
889 2075 1059 2159 originem.
1104 2073 1246 2160 aliquam
1270 2071 1356 2135 enim

214 2173 434 2239 Nonianarum
457 2173 582 2252 λέξεων
604 2200 676 2240 cum
701 2178 859 2252 Sisennae
881 2176 1074 2262 fragmentis
1097 2174 1357 2239 communionem

215 2297 320 2359 nemo,
337 2277 462 2362 opinor,
486 2278 630 2362 negabit.

295 2379 346 2442 De
376 2379 531 2444 Terentio
559 2389 669 2446 autem
700 2382 838 2462 Scauro,
867 2401 961 2467 quem
991 2381 1159 2444 minimum
1185 2379 1228 2442 ad
1257 2401 1355 2442 unam

210 2478 355 2544 fabulam
389 2479 559 2565 scripsisse
592 2483 859 2548 commentarium
893 2482 1049 2548 traditum
1073 2491 1138 2564 est,
1166 2479 1246 2545 nihil
1275 2479 1356 2545 certi

208 2581 285 2646 licet
317 2581 473 2667 prolerre.
517 2606 620 2670 neque
655 2596 763 2650 tamen
797 2585 911 2651 dubito
944 2585 1022 2673 quin
1058 2584 1099 2648 ab
1133 2586 1194 2649 hoc
1227 2604 1355 2669 quoque

209 2685 280 2747 siue
302 2685 372 2769 ipso
397 2686 466 2750 siue
488 2709 547 2771 per
570 2686 653 2752 alios
676 2697 803 2772 partem
826 2688 994 2773 copiarum
1017 2685 1180 2772 acceperit
1202 2685 1340 2750 Nonius.

294 2788 449 2852 Attamen
464 2810 658 2876 quamquam
675 2791 747 2875 quis
763 2789 864 2855 fuerit
879 2799 1113 2854 commentator
1124 2809 1219 2874 quem
1236 2788 1354 2850 totiens

209 2888 337 2952 Nonius
360 2890 401 2954 ad
425 2900 532 2975 partes
556 2891 687 2956 uocauit
709 2891 882 2973 nescimus,
906 2890 968 2957 hoo
991 2899 1079 2955 certe
1101 2890 1265 2976 inquirere
1280 2887 1354 2951 lice-

209 2990 270 3073 bit,
294 2991 413 3078 quibus
437 2991 641 3077 potissimum
664 2993 810 3059 fontibus
833 2994 904 3080 ipse
931 2993 986 3057 ille
1009 2991 1108 3056 Nonii
1135 3002 1249 3056 auctor
1275 3012 1354 3054 usus

209 3093 261 3156 sit.
305 3115 370 3178 qua
392 3093 426 3156 in
448 3117 483 3158 rc
506 3117 605 3159 unum
634 3094 700 3160 iam
724 3095 977 3182 deprehendisse
1001 3095 1149 3160 uidemur
1172 3093 1354 3172 Sisennam,

208 3192 290 3259 alios
314 3204 425 3259 autem
449 3195 476 3260 si
499 3198 685 3283 quaerimus
709 3198 786 3283 quid
804 3200 873 3263 ueri
889 3207 1083 3284 potestesse
1099 3195 1239 3260 similius
1256 3217 1353 3281 quam

208 3296 356 3360 Verrium
374 3295 527 3362 Flaccum
543 3297 783 3364 nobilissimum
799 3300 890 3365 illum
904 3310 1052 3366 ueterum
1068 3297 1353 3383 grammaticorum

208 3420 324 3482 magno
342 3400 415 3462 usui
437 3399 539 3465 fuisse
563 3403 732 3486 interpreti
751 3402 869 3485 Plauti,
894 3403 1082 3488 praesertim
1105 3425 1178 3467 cum
1200 3401 1352 3466 Verrium

207 3499 315 3585 ipsum
338 3499 379 3564 de
402 3499 510 3566 Plauti
533 3503 701 3568 uocabulis
725 3507 917 3591 exposuisse
940 3508 979 3571 0.
1002 3505 1179 3570 Muellerus
1203 3506 1236 3569 in
1259 3527 1351 3590 prae·

206 3601 328 3666 latione
352 3603 441 3668 Festi
465 3608 544 3670 satis
567 3605 781 3691 probauerit?
825 3630 929 3691 neque
958 3609 1077 3673 desunt
1104 3606 1193 3693 apud
1215 3608 1352 3671 Festum

206 3726 289 3789 quae
312 3704 430 3768 mirum
453 3705 486 3769 in
509 3707 641 3772 modum
663 3708 850 3795 conspirent
872 3732 945 3773 cum
960 3709 1111 3774 Noniana
1135 3708 1350 3794 expositione.

204 3815 281 3869 sunt
303 3816 411 3871 autem
433 3810 587 3892 grauiora
609 3811 705 3876 haec:

205 3911 273 3971 Nou
295 3930 326 3988 p.
351 3921 376 3972 3.
422 3910 568 3976 uelitatio
592 3913 713 3977 dicitur
735 3912 817 3978 leuis
841 3913 1004 3980 contentio
1028 3914 1115 3979 dicta
1138 3937 1180 3979 ox
1202 3935 1351 3998 congres-

332 4010 423 4076 sione
445 4013 591 4078 uelitum.
630 4015 738 4080 Plaut.
766 4017 860 4081 Asin.
891 4016 1013 4081 ‘uerbis
1036 4016 1258 4082 uelitationem
1281 4016 1351 4080 fieri

331 4114 501 4199 compendi
524 4115 622 4180 uolo.’
667 4119 754 4183 idem
773 4117 1008 4184 Menaechmis:
1032 4119 1154 4185 ‘nescio
1183 4120 1262 4207 quid
1290 4144 1349 4186 uos

330 4216 458 4282 uelitati
481 4220 559 4283 estis
582 4221 666 4285 inter
689 4244 747 4285 uos
772 4221 860 4286 duo.'

203 4321 289 4381 Paul.
308 4339 343 4398 p.
369 4331 425 4381 369
449 4325 489 4383 M.
534 4321 684 4387 uelitatio
707 4323 795 4388 dieta
817 4334 867 4389 est
889 4321 974 4389 ultro
990 4323 1137 4411 citroque
1156 4324 1349 4410 probrorum

330 4418 506 4486 obiectatio
519 4423 562 4487 ab
574 4423 723 4510 exemplo
737 4423 884 4489 uolitaris
898 4448 1038 4512 pugnae.
1055 4425 1208 4499 Plautus:
1226 4426 1349 4498 ‘nescio

234 4575 238 4582 .
331 4522 410 4612 quid
433 4522 562 4593 uelitati
585 4526 663 4594 ostis
686 4527 772 4598 inter
792 4532 876 4600 uos?
