3262 5196
732 393 771 402 -
816 355 858 418 :rr
901 393 943 402 --

735 563 831 641 caput
851 563 933 626 XVI.

265 705 297 768 p.
319 682 395 764 548,
419 683 448 745 7.

309 783 427 846 lemma
452 785 479 845 1.
504 781 667 846 cumatilis
775 781 917 846 Titinius
942 780 1062 845 Setina..

776 887 877 946 Plooi.
901 876 1029 962 Epidico
1050 886 1095 960 II,
1122 893 1148 955 2,
1174 893 1219 945 49.

452 987 482 1050 2.
506 985 724 1050 rnolochinum
778 984 943 1048 Caecilius
967 985 1193 1050 Pausimaclro.

776 1086 882 1151 Plaut.
906 1086 1018 1150 Aulul.

450 1189 715 1276 simpronianus
774 1193 873 1252 Plooi.
896 1193 1026 1267 Epidico
1047 1193 1091 1260 II,
1117 1200 1142 1266 2,
1168 1201 1216 1250 oo.

453 1293 483 1354 4.
507 1289 661 1356 caltulam
779 1288 946 1374 Vergilius
970 1289 1082 1353 Bucol.

778 1397 878 1456 Proui.
902 1395 1031 1470 Epidico
1053 1395 1097 1464 II,
1124 1402 1148 1468 2,
1174 1403 1223 1454 47.

779 1494 904 1558 Nouius
927 1492 1040 1557 Pedio.

778 1595 923 1660 Naeuius
945 1593 1109 1682 Lycurge.

779 1697 885 1762 Varro
909 1697 949 1762 de
971 1697 1029 1762 uit.
1054 1720 1086 1782 p.
1109 1697 1148 1760 R.
1172 1697 1228 1762 lib.
1254 1698 1280 1761 I.

453 1801 483 1863 ἴ).
507 1801 670 1864 caerinunr
778 1804 877 1862 Pldtd.
901 1803 1029 1877 Epidico
1050 1803 1093 1872 ΙΙ.
1120 1811 1143 1872 2,
1175 1809 1218 1861 rt).

454 1903 483 1964 6.
508 1902 730 1984 ferrugineum
779 1899 947 1984 Vergilius
971 1900 1093 1985 Georg.
1116 1899 1176 1966 IV.

779 2008 879 2066 orout.
904 2008 1000 2066 Morio
1022 2007 1081 2080 rr,
1106 2015 1133 2075 r,
1159 2015 1206 2066 co.

274 2165 305 2228 p.
329 2142 400 2222 549,
424 2141 476 2204 25.

438 2243 485 2308 10.
511 2251 641 2305 crocota
781 2247 880 2306 Plodt.
904 2247 1004 2305 Aulul.
1026 2244 1088 2315 III,
1114 2255 1141 2315 5,
1166 2252 1215 2304 47.

442 2345 491 2407 11.
515 2343 656 2407 uiolucia
785 2348 883 2408 Proui.
907 2349 1006 2408 Ardol.
1031 2347 1093 2417 III,
1118 2357 1146 2417 5,
1171 2356 1217 2407 36.

729 2568 825 2646 caput
845 2567 959 2631 xvm.

276 2708 308 2770 p.
331 2684 404 2765 552,
431 2685 479 2746 10.

318 2785 435 2849 lemma
462 2790 487 2848 1.
511 2784 677 2871 catapulta
785 2792 884 2852 Plodi.
908 2791 1085 2851 Curculione
1113 2793 1146 2856 V,
1172 2800 1199 2863 3,
1227 2797 1269 2849 12.

786 2888 929 2952 Titinius
954 2889 1074 2952 Setina.

786 2989 892 3054 Plaut.
918 2989 1078 3075 Captiuis.

786 3090 912 3156 Nouius
936 3091 1069 3157 Pacilio.

786 3192 931 3258 Lucilius
955 3193 1023 3257 Sat.
1047 3194 1103 3258 lib.
1128 3195 1168 3259 V.

788 3295 928 3359 Sisenna
951 3296 1026 3360 hist.
1050 3296 1106 3362 lib.
1134 3295 1197 3360 llI.

787 3396 893 3460 Varro
917 3396 957 3461 de
980 3398 1040 3462 uit.
1063 3421 1095 3484 p.
1119 3399 1159 3462 R.
1182 3397 1239 3462 lit.
1263 3398 1327 3464 ΙΙΙ.

365 3687 467 3754 Recte
501 3685 789 3754 Schottrnuellerus
824 3687 910 3751 dixit
942 3687 1040 3751 talem
1075 3687 1296 3774 exemplorum
1329 3687 1424 3752 collo-

281 3791 443 3856 cationem
466 3812 543 3854 cusu
566 3791 687 3854 factam
710 3811 775 3853 non
798 3811 885 3870 esse3
908 3789 1007 3852 immo
1022 3789 1153 3853 uidetur
1168 3790 1260 3875 origo
1276 3791 1426 3854 ordinum

282 3894 419 3958 istorum
441 3890 615 3957 cohaerere
632 3914 704 3956 eum
720 3889 861 3955 fontium
877 3911 957 3975 quos
975 3891 1125 3956 adhibuit
1141 3891 1275 3968 Nonius,
1292 3893 1425 3956 ratione.

282 3997 346 4060 nisi
369 3996 469 4078 igitur
491 4016 564 4057 eum
586 3993 693 4079 ipsum
715 3991 835 4076 legisse
859 4003 892 4058 et
914 3994 1118 4078 excerpsisse
1141 3991 1310 4058 Plautinus
1334 3993 1425 4057 fabu-

283 4097 332 4161 las
360 4095 546 4183 putaueris,
575 4095 658 4159 duae
687 4096 753 4159 iam
782 4102 897 4159 extant
924 4094 1111 4182 explicandi
1138 4095 1228 4160 uiae:
1263 4106 1320 4160 aut
1343 4095 1427 4160 eninr

284 4199 516 4264 commentario
538 4219 633 4261 usum
657 4219 729 4260 esse
745 4219 818 4261 eum
834 4196 1010 4261 credideris
1033 4206 1090 4262 aut
1112 4195 1282 4280 glossario.
1319 4198 1427 4282 ipsum

284 4309 391 4365 autem
419 4298 570 4385 exempla
599 4298 741 4363 Nonium
772 4293 942 4382 collegisse
965 4320 1075 4380 uerno,
1099 4285 1230 4384 opinor,
1254 4297 1428 4362 contendet

284 4405 338 4488 qui
362 4412 394 4465 et
416 4402 640 4489 stupiditatem
671 4401 740 4466 eius
769 4409 802 4464 et
829 4400 996 4465 leuitatem
1020 4402 1099 4466 sotis
1128 4401 1310 4487 respexerit
1331 4411 1428 4488 atque

285 4505 551 4569 animaduerterit
566 4527 662 4590 quarn
681 4525 777 4590 saepe
793 4505 976 4568 testimonia
990 4525 1007 4565 e
1026 4501 1125 4566 Gellii
1142 4504 1292 4566 noctibus
1308 4504 1428 4566 Atticis
